{"message":"Amana Marketing campaign data retrieved successfully","company_info":{"name":"Amana Marketing","founded":"2019","headquarters":"Abu Dhabi, UAE","industry":"Digital Marketing","description":"Digital marketing agency specializing in traditional Middle Eastern wedding fashion across the GCC region. We help students and families find beautiful traditional clothing at accessible prices, connecting cultural fashion brands with modern audiences through smart, targeted marketing campaigns that honor heritage while reaching today's shoppers."},"marketing_stats":{"total_campaigns":26,"active_campaigns":24,"total_spend":84537.42,"total_revenue":2986743,"total_conversions":8019,"average_roas":35.33,"top_performing_medium":"Facebook","top_performing_region":"Doha","total_impressions":4727470,"total_clicks":118444,"average_ctr":2.51,"average_conversion_rate":6.77},"campaigns":[{"id":1,"name":"Takchita Collection - Beautiful Designs","status":"Active","objective":"Conversions","medium":"Instagram","format":"Image","product_category":"Wedding Dresses","budget":3081.3,"spend":2293.32,"budget_utilization":74.43,"impressions":256767,"clicks":6083,"conversions":575,"revenue":283475,"average_order_value":493,"ctr":2.37,"conversion_rate":9.46,"cpc":0.38,"cpa":3.99,"roas":123.61,"target_demographics":{"age_groups":["18-24","25-34","35-44"],"genders":["Female"],"primary_device":"Mobile"},"demographic_breakdown":[{"age_group":"18-24","gender":"Female","percentage_of_audience":25,"performance":{"impressions":64192,"clicks":1521,"conversions":144,"ctr":2.37,"conversion_rate":9.47}},{"age_group":"25-34","gender":"Female","percentage_of_audience":30,"performance":{"impressions":77030,"clicks":1825,"conversions":173,"ctr":2.37,"conversion_rate":9.48}},{"age_group":"35-44","gender":"Female","percentage_of_audience":20,"performance":{"impressions":51353,"clicks":1217,"conversions":115,"ctr":2.37,"conversion_rate":9.45}},{"age_group":"18-24","gender":"Male","percentage_of_audience":8,"performance":{"impressions":20541,"clicks":487,"conversions":46,"ctr":2.37,"conversion_rate":9.45}},{"age_group":"25-34","gender":"Male","percentage_of_audience":12,"performance":{"impressions":30812,"clicks":730,"conversions":69,"ctr":2.37,"conversion_rate":9.45}},{"age_group":"35-44","gender":"Male","percentage_of_audience":5,"performance":{"impressions":12838,"clicks":304,"conversions":29,"ctr":2.37,"conversion_rate":9.54}}],"device_performance":[{"device":"Mobile","impressions":192575,"clicks":4562,"conversions":431,"spend":1719.99,"revenue":212606.25,"ctr":2.37,"conversion_rate":9.45,"percentage_of_traffic":75},{"device":"Desktop","impressions":51353,"clicks":1217,"conversions":115,"spend":458.66,"revenue":56695,"ctr":2.37,"conversion_rate":9.45,"percentage_of_traffic":20},{"device":"Tablet","impressions":12838,"clicks":304,"conversions":29,"spend":114.67,"revenue":14173.75,"ctr":2.37,"conversion_rate":9.54,"percentage_of_traffic":5}],"weekly_performance":[{"week_start":"2024-10-01","week_end":"2024-10-07","impressions":22455,"clicks":532,"conversions":50,"spend":200.56,"revenue":24790.54},{"week_start":"2024-10-08","week_end":"2024-10-14","impressions":22564,"clicks":535,"conversions":51,"spend":201.53,"revenue":24910.93},{"week_start":"2024-10-15","week_end":"2024-10-21","impressions":25687,"clicks":609,"conversions":58,"spend":229.43,"revenue":28359.22},{"week_start":"2024-10-22","week_end":"2024-10-28","impressions":26364,"clicks":625,"conversions":59,"spend":235.47,"revenue":29106.47},{"week_start":"2024-10-29","week_end":"2024-11-04","impressions":28178,"clicks":668,"conversions":63,"spend":251.67,"revenue":31108.82},{"week_start":"2024-11-05","week_end":"2024-11-11","impressions":29348,"clicks":695,"conversions":66,"spend":262.12,"revenue":32400.19},{"week_start":"2024-11-12","week_end":"2024-11-18","impressions":23237,"clicks":551,"conversions":52,"spend":207.55,"revenue":25654.44},{"week_start":"2024-11-19","week_end":"2024-11-25","impressions":29897,"clicks":708,"conversions":67,"spend":267.03,"revenue":33006.98},{"week_start":"2024-11-26","week_end":"2024-12-02","impressions":28781,"clicks":682,"conversions":64,"spend":257.06,"revenue":31774.62},{"week_start":"2024-12-03","week_end":"2024-12-09","impressions":26827,"clicks":636,"conversions":60,"spend":239.61,"revenue":29617.87},{"week_start":"2024-12-10","week_end":"2024-12-16","impressions":35082,"clicks":831,"conversions":79,"spend":313.33,"revenue":38730.82},{"week_start":"2024-12-17","week_end":"2024-12-23","impressions":39433,"clicks":934,"conversions":88,"spend":352.2,"revenue":43535.21}],"regional_performance":[{"region":"Abu Dhabi","country":"UAE","impressions":89868,"clicks":2129,"conversions":201,"spend":802.66,"revenue":99216.25,"ctr":2.37,"conversion_rate":9.44,"cpc":0.38,"cpa":3.99,"roas":123.61},{"region":"Dubai","country":"UAE","impressions":77030,"clicks":1825,"conversions":173,"spend":688,"revenue":85042.5,"ctr":2.37,"conversion_rate":9.48,"cpc":0.38,"cpa":3.98,"roas":123.61},{"region":"Sharjah","country":"UAE","impressions":38515,"clicks":912,"conversions":86,"spend":344,"revenue":42521.25,"ctr":2.37,"conversion_rate":9.43,"cpc":0.38,"cpa":4,"roas":123.61},{"region":"Riyadh","country":"Saudi Arabia","impressions":20541,"clicks":487,"conversions":46,"spend":183.47,"revenue":22678,"ctr":2.37,"conversion_rate":9.45,"cpc":0.38,"cpa":3.99,"roas":123.61},{"region":"Doha","country":"Qatar","impressions":15406,"clicks":365,"conversions":35,"spend":137.6,"revenue":17008.5,"ctr":2.37,"conversion_rate":9.59,"cpc":0.38,"cpa":3.93,"roas":123.61},{"region":"Kuwait City","country":"Kuwait","impressions":10271,"clicks":243,"conversions":23,"spend":91.73,"revenue":11339,"ctr":2.37,"conversion_rate":9.47,"cpc":0.38,"cpa":3.99,"roas":123.61},{"region":"Manama","country":"Bahrain","impressions":5135,"clicks":122,"conversions":12,"spend":45.87,"revenue":5669.5,"ctr":2.38,"conversion_rate":9.84,"cpc":0.38,"cpa":3.82,"roas":123.6}],"creatives":[{"id":101,"name":"Image Creative 1","format":"Image","url":"/assets/campaigns/campaign_1_creative_1.jpg","performance_score":5.2,"is_primary":true,"impressions":95604,"clicks":1852,"ctr":1.94,"a_b_test_variant":"A"},{"id":102,"name":"Image Creative 2","format":"Image","url":"/assets/campaigns/campaign_1_creative_2.jpg","performance_score":8.9,"is_primary":false,"impressions":78357,"clicks":2216,"ctr":2.83,"a_b_test_variant":"B"},{"id":103,"name":"Image Creative 3","format":"Image","url":"/assets/campaigns/campaign_1_creative_3.jpg","performance_score":9.8,"is_primary":false,"impressions":70976,"clicks":1762,"ctr":2.48,"a_b_test_variant":"C"}],"timeline":{"start_date":"2024-10-18","created_date":"2024-10-11","last_updated":"2025-09-17"},"targeting":{"regions":["Abu Dhabi","Dubai","Sharjah","Riyadh","Doha"],"interests":["Wedding planning","Traditional fashion","Student celebrations","Cultural weddings","Islamic wedding customs","Family celebrations","Takchita fashion","Kaftan fashion","Student bridal wear","Traditional wedding dresses","Arabic bridal fashion","Cultural bridal gowns"],"behaviors":["Wedding planning","Value shoppers","Student discount seekers","Fashion enthusiasts","Sale browsers","Student shoppers","Family celebration planners"],"custom_audiences":["Traditional wedding visitors","Student newsletter subscribers","Previous customers","Wedding planners lookalike","Sale browsers","Student fashion shoppers"]}},{"id":2,"name":"Kaftan Wedding Dresses - Elegant Styles","status":"Active","objective":"Brand Awareness","medium":"Facebook","format":"Video","product_category":"Wedding Dresses","budget":1104.6,"spend":957.46,"budget_utilization":86.68,"impressions":155545,"clicks":4093,"conversions":63,"revenue":20349,"average_order_value":323,"ctr":2.63,"conversion_rate":1.55,"cpc":0.23,"cpa":15.2,"roas":21.25,"target_demographics":{"age_groups":["18-24","25-34","35-44"],"genders":["Female"],"primary_device":"Mobile"},"demographic_breakdown":[{"age_group":"18-24","gender":"Female","percentage_of_audience":25,"performance":{"impressions":38886,"clicks":1023,"conversions":16,"ctr":2.63,"conversion_rate":1.56}},{"age_group":"25-34","gender":"Female","percentage_of_audience":30,"performance":{"impressions":46664,"clicks":1228,"conversions":19,"ctr":2.63,"conversion_rate":1.55}},{"age_group":"35-44","gender":"Female","percentage_of_audience":20,"performance":{"impressions":31109,"clicks":819,"conversions":13,"ctr":2.63,"conversion_rate":1.59}},{"age_group":"18-24","gender":"Male","percentage_of_audience":8,"performance":{"impressions":12444,"clicks":327,"conversions":5,"ctr":2.63,"conversion_rate":1.53}},{"age_group":"25-34","gender":"Male","percentage_of_audience":12,"performance":{"impressions":18665,"clicks":491,"conversions":8,"ctr":2.63,"conversion_rate":1.63}},{"age_group":"35-44","gender":"Male","percentage_of_audience":5,"performance":{"impressions":7777,"clicks":205,"conversions":3,"ctr":2.64,"conversion_rate":1.46}}],"device_performance":[{"device":"Mobile","impressions":116659,"clicks":3070,"conversions":47,"spend":718.1,"revenue":15261.75,"ctr":2.63,"conversion_rate":1.53,"percentage_of_traffic":75},{"device":"Desktop","impressions":31109,"clicks":819,"conversions":13,"spend":191.49,"revenue":4069.8,"ctr":2.63,"conversion_rate":1.59,"percentage_of_traffic":20},{"device":"Tablet","impressions":7777,"clicks":205,"conversions":3,"spend":47.87,"revenue":1017.45,"ctr":2.64,"conversion_rate":1.46,"percentage_of_traffic":5}],"weekly_performance":[{"week_start":"2024-10-01","week_end":"2024-10-07","impressions":12811,"clicks":337,"conversions":5,"spend":78.86,"revenue":1676.04},{"week_start":"2024-10-08","week_end":"2024-10-14","impressions":13230,"clicks":348,"conversions":5,"spend":81.44,"revenue":1730.85},{"week_start":"2024-10-15","week_end":"2024-10-21","impressions":16061,"clicks":423,"conversions":7,"spend":98.86,"revenue":2101.1},{"week_start":"2024-10-22","week_end":"2024-10-28","impressions":16061,"clicks":423,"conversions":7,"spend":98.86,"revenue":2101.11},{"week_start":"2024-10-29","week_end":"2024-11-04","impressions":15984,"clicks":421,"conversions":6,"spend":98.39,"revenue":2091.15},{"week_start":"2024-11-05","week_end":"2024-11-11","impressions":14019,"clicks":369,"conversions":6,"spend":86.29,"revenue":1833.99},{"week_start":"2024-11-12","week_end":"2024-11-18","impressions":13555,"clicks":357,"conversions":5,"spend":83.44,"revenue":1773.26},{"week_start":"2024-11-19","week_end":"2024-11-25","impressions":13088,"clicks":344,"conversions":5,"spend":80.57,"revenue":1712.28},{"week_start":"2024-11-26","week_end":"2024-12-02","impressions":18307,"clicks":482,"conversions":7,"spend":112.69,"revenue":2395.01},{"week_start":"2024-12-03","week_end":"2024-12-09","impressions":21475,"clicks":565,"conversions":9,"spend":132.19,"revenue":2809.45},{"week_start":"2024-12-10","week_end":"2024-12-16","impressions":23746,"clicks":625,"conversions":10,"spend":146.17,"revenue":3106.53},{"week_start":"2024-12-17","week_end":"2024-12-23","impressions":23135,"clicks":609,"conversions":9,"spend":142.41,"revenue":3026.58}],"regional_performance":[{"region":"Abu Dhabi","country":"UAE","impressions":54441,"clicks":1433,"conversions":22,"spend":335.11,"revenue":7122.15,"ctr":2.63,"conversion_rate":1.54,"cpc":0.23,"cpa":15.23,"roas":21.25},{"region":"Dubai","country":"UAE","impressions":46664,"clicks":1228,"conversions":19,"spend":287.24,"revenue":6104.7,"ctr":2.63,"conversion_rate":1.55,"cpc":0.23,"cpa":15.12,"roas":21.25},{"region":"Sharjah","country":"UAE","impressions":23332,"clicks":614,"conversions":9,"spend":143.62,"revenue":3052.35,"ctr":2.63,"conversion_rate":1.47,"cpc":0.23,"cpa":15.96,"roas":21.25},{"region":"Riyadh","country":"Saudi Arabia","impressions":12444,"clicks":327,"conversions":5,"spend":76.6,"revenue":1627.92,"ctr":2.63,"conversion_rate":1.53,"cpc":0.23,"cpa":15.32,"roas":21.25},{"region":"Doha","country":"Qatar","impressions":9333,"clicks":246,"conversions":4,"spend":57.45,"revenue":1220.94,"ctr":2.64,"conversion_rate":1.63,"cpc":0.23,"cpa":14.36,"roas":21.25},{"region":"Kuwait City","country":"Kuwait","impressions":6222,"clicks":164,"conversions":3,"spend":38.3,"revenue":813.96,"ctr":2.64,"conversion_rate":1.83,"cpc":0.23,"cpa":12.77,"roas":21.25},{"region":"Manama","country":"Bahrain","impressions":3111,"clicks":82,"conversions":1,"spend":19.15,"revenue":406.98,"ctr":2.64,"conversion_rate":1.22,"cpc":0.23,"cpa":19.15,"roas":21.25}],"creatives":[{"id":201,"name":"Video Creative 1","format":"Video","url":"/assets/campaigns/campaign_2_creative_1.jpg","performance_score":6.2,"is_primary":true,"impressions":42281,"clicks":1422,"ctr":3.36,"a_b_test_variant":"A"},{"id":202,"name":"Video Creative 2","format":"Video","url":"/assets/campaigns/campaign_2_creative_2.jpg","performance_score":5.9,"is_primary":false,"impressions":47363,"clicks":1251,"ctr":2.64,"a_b_test_variant":"B"},{"id":203,"name":"Video Creative 3","format":"Video","url":"/assets/campaigns/campaign_2_creative_3.jpg","performance_score":6.4,"is_primary":false,"impressions":45846,"clicks":1274,"ctr":2.78,"a_b_test_variant":"C"}],"timeline":{"start_date":"2024-11-24","created_date":"2024-11-17","last_updated":"2025-09-17"},"targeting":{"regions":["Abu Dhabi","Dubai","Sharjah","Riyadh","Doha"],"interests":["Wedding planning","Traditional fashion","Student celebrations","Cultural weddings","Islamic wedding customs","Family celebrations","Takchita fashion","Kaftan fashion","Student bridal wear","Traditional wedding dresses","Arabic bridal fashion","Cultural bridal gowns"],"behaviors":["Wedding planning","Value shoppers","Student discount seekers","Fashion enthusiasts","Sale browsers","Student shoppers","Family celebration planners"],"custom_audiences":["Traditional wedding visitors","Student newsletter subscribers","Previous customers","Wedding planners lookalike","Sale browsers","Student fashion shoppers"]}},{"id":3,"name":"Cotton Embroidered Abayas - Traditional Style","status":"Active","objective":"Traffic","medium":"TikTok","format":"Video","product_category":"Wedding Dresses","budget":3432.48,"spend":2456.38,"budget_utilization":71.56,"impressions":121877,"clicks":3431,"conversions":122,"revenue":26230,"average_order_value":215,"ctr":2.82,"conversion_rate":3.55,"cpc":0.72,"cpa":20.13,"roas":10.68,"target_demographics":{"age_groups":["18-24","25-34","35-44"],"genders":["Female"],"primary_device":"Mobile"},"demographic_breakdown":[{"age_group":"18-24","gender":"Female","percentage_of_audience":25,"performance":{"impressions":30469,"clicks":858,"conversions":31,"ctr":2.82,"conversion_rate":3.61}},{"age_group":"25-34","gender":"Female","percentage_of_audience":30,"performance":{"impressions":36563,"clicks":1029,"conversions":37,"ctr":2.81,"conversion_rate":3.6}},{"age_group":"35-44","gender":"Female","percentage_of_audience":20,"performance":{"impressions":24375,"clicks":686,"conversions":24,"ctr":2.81,"conversion_rate":3.5}},{"age_group":"18-24","gender":"Male","percentage_of_audience":8,"performance":{"impressions":9750,"clicks":274,"conversions":10,"ctr":2.81,"conversion_rate":3.65}},{"age_group":"25-34","gender":"Male","percentage_of_audience":12,"performance":{"impressions":14625,"clicks":412,"conversions":15,"ctr":2.82,"conversion_rate":3.64}},{"age_group":"35-44","gender":"Male","percentage_of_audience":5,"performance":{"impressions":6094,"clicks":172,"conversions":6,"ctr":2.82,"conversion_rate":3.49}}],"device_performance":[{"device":"Mobile","impressions":91408,"clicks":2573,"conversions":92,"spend":1842.29,"revenue":19672.5,"ctr":2.81,"conversion_rate":3.58,"percentage_of_traffic":75},{"device":"Desktop","impressions":24375,"clicks":686,"conversions":24,"spend":491.28,"revenue":5246,"ctr":2.81,"conversion_rate":3.5,"percentage_of_traffic":20},{"device":"Tablet","impressions":6094,"clicks":172,"conversions":6,"spend":122.82,"revenue":1311.5,"ctr":2.82,"conversion_rate":3.49,"percentage_of_traffic":5}],"weekly_performance":[{"week_start":"2024-10-01","week_end":"2024-10-07","impressions":11168,"clicks":314,"conversions":11,"spend":225.1,"revenue":2403.64},{"week_start":"2024-10-08","week_end":"2024-10-14","impressions":11037,"clicks":311,"conversions":11,"spend":222.45,"revenue":2375.44},{"week_start":"2024-10-15","week_end":"2024-10-21","impressions":13217,"clicks":372,"conversions":13,"spend":266.38,"revenue":2844.52},{"week_start":"2024-10-22","week_end":"2024-10-28","impressions":14161,"clicks":399,"conversions":14,"spend":285.42,"revenue":3047.76},{"week_start":"2024-10-29","week_end":"2024-11-04","impressions":11394,"clicks":321,"conversions":11,"spend":229.65,"revenue":2452.29},{"week_start":"2024-11-05","week_end":"2024-11-11","impressions":11816,"clicks":333,"conversions":12,"spend":238.15,"revenue":2543.05},{"week_start":"2024-11-12","week_end":"2024-11-18","impressions":14285,"clicks":402,"conversions":14,"spend":287.91,"revenue":3074.39},{"week_start":"2024-11-19","week_end":"2024-11-25","impressions":13251,"clicks":373,"conversions":13,"spend":267.07,"revenue":2851.89},{"week_start":"2024-11-26","week_end":"2024-12-02","impressions":14794,"clicks":416,"conversions":15,"spend":298.16,"revenue":3183.9},{"week_start":"2024-12-03","week_end":"2024-12-09","impressions":18236,"clicks":513,"conversions":18,"spend":367.55,"revenue":3924.77},{"week_start":"2024-12-10","week_end":"2024-12-16","impressions":18623,"clicks":524,"conversions":19,"spend":375.34,"revenue":4008.02},{"week_start":"2024-12-17","week_end":"2024-12-23","impressions":15429,"clicks":434,"conversions":15,"spend":310.97,"revenue":3320.64}],"regional_performance":[{"region":"Abu Dhabi","country":"UAE","impressions":42657,"clicks":1201,"conversions":43,"spend":859.73,"revenue":9180.5,"ctr":2.82,"conversion_rate":3.58,"cpc":0.72,"cpa":19.99,"roas":10.68},{"region":"Dubai","country":"UAE","impressions":36563,"clicks":1029,"conversions":37,"spend":736.91,"revenue":7869,"ctr":2.81,"conversion_rate":3.6,"cpc":0.72,"cpa":19.92,"roas":10.68},{"region":"Sharjah","country":"UAE","impressions":18282,"clicks":515,"conversions":18,"spend":368.46,"revenue":3934.5,"ctr":2.82,"conversion_rate":3.5,"cpc":0.72,"cpa":20.47,"roas":10.68},{"region":"Riyadh","country":"Saudi Arabia","impressions":9750,"clicks":274,"conversions":10,"spend":196.51,"revenue":2098.4,"ctr":2.81,"conversion_rate":3.65,"cpc":0.72,"cpa":19.65,"roas":10.68},{"region":"Doha","country":"Qatar","impressions":7313,"clicks":206,"conversions":7,"spend":147.38,"revenue":1573.8,"ctr":2.82,"conversion_rate":3.4,"cpc":0.72,"cpa":21.05,"roas":10.68},{"region":"Kuwait City","country":"Kuwait","impressions":4875,"clicks":137,"conversions":5,"spend":98.26,"revenue":1049.2,"ctr":2.81,"conversion_rate":3.65,"cpc":0.72,"cpa":19.65,"roas":10.68},{"region":"Manama","country":"Bahrain","impressions":2438,"clicks":69,"conversions":2,"spend":49.13,"revenue":524.6,"ctr":2.83,"conversion_rate":2.9,"cpc":0.71,"cpa":24.57,"roas":10.68}],"creatives":[{"id":301,"name":"Video Creative 1","format":"Video","url":"/assets/campaigns/campaign_3_creative_1.jpg","performance_score":5.8,"is_primary":true,"impressions":65907,"clicks":1957,"ctr":2.97,"a_b_test_variant":"A"},{"id":302,"name":"Video Creative 2","format":"Video","url":"/assets/campaigns/campaign_3_creative_2.jpg","performance_score":5.4,"is_primary":false,"impressions":70843,"clicks":1843,"ctr":2.6,"a_b_test_variant":"B"}],"timeline":{"start_date":"2024-10-31","created_date":"2024-10-24","last_updated":"2025-09-17"},"targeting":{"regions":["Abu Dhabi","Dubai","Sharjah","Riyadh","Doha"],"interests":["Wedding planning","Traditional fashion","Student celebrations","Cultural weddings","Islamic wedding customs","Family celebrations","Takchita fashion","Kaftan fashion","Student bridal wear","Traditional wedding dresses","Arabic bridal fashion","Cultural bridal gowns"],"behaviors":["Wedding planning","Value shoppers","Student discount seekers","Fashion enthusiasts","Sale browsers","Student shoppers","Family celebration planners"],"custom_audiences":["Traditional wedding visitors","Student newsletter subscribers","Previous customers","Wedding planners lookalike","Sale browsers","Student fashion shoppers"]}},{"id":4,"name":"Syrian Wedding Dresses - Quality & Style","status":"Active","objective":"Conversions","medium":"Instagram","format":"Carousel","product_category":"Wedding Dresses","budget":7233,"spend":5226.61,"budget_utilization":72.26,"impressions":309293,"clicks":6558,"conversions":470,"revenue":234060,"average_order_value":498,"ctr":2.12,"conversion_rate":7.17,"cpc":0.8,"cpa":11.12,"roas":44.78,"target_demographics":{"age_groups":["18-24","25-34","35-44"],"genders":["Female"],"primary_device":"Mobile"},"demographic_breakdown":[{"age_group":"18-24","gender":"Female","percentage_of_audience":25,"performance":{"impressions":77323,"clicks":1640,"conversions":118,"ctr":2.12,"conversion_rate":7.2}},{"age_group":"25-34","gender":"Female","percentage_of_audience":30,"performance":{"impressions":92788,"clicks":1967,"conversions":141,"ctr":2.12,"conversion_rate":7.17}},{"age_group":"35-44","gender":"Female","percentage_of_audience":20,"performance":{"impressions":61859,"clicks":1312,"conversions":94,"ctr":2.12,"conversion_rate":7.16}},{"age_group":"18-24","gender":"Male","percentage_of_audience":8,"performance":{"impressions":24743,"clicks":525,"conversions":38,"ctr":2.12,"conversion_rate":7.24}},{"age_group":"25-34","gender":"Male","percentage_of_audience":12,"performance":{"impressions":37115,"clicks":787,"conversions":56,"ctr":2.12,"conversion_rate":7.12}},{"age_group":"35-44","gender":"Male","percentage_of_audience":5,"performance":{"impressions":15465,"clicks":328,"conversions":24,"ctr":2.12,"conversion_rate":7.32}}],"device_performance":[{"device":"Mobile","impressions":231969,"clicks":4919,"conversions":353,"spend":3919.96,"revenue":175545,"ctr":2.12,"conversion_rate":7.18,"percentage_of_traffic":75},{"device":"Desktop","impressions":61859,"clicks":1312,"conversions":94,"spend":1045.32,"revenue":46812,"ctr":2.12,"conversion_rate":7.16,"percentage_of_traffic":20},{"device":"Tablet","impressions":15465,"clicks":328,"conversions":24,"spend":261.33,"revenue":11703,"ctr":2.12,"conversion_rate":7.32,"percentage_of_traffic":5}],"weekly_performance":[{"week_start":"2024-10-01","week_end":"2024-10-07","impressions":36141,"clicks":766,"conversions":55,"spend":610.74,"revenue":27350.17},{"week_start":"2024-10-08","week_end":"2024-10-14","impressions":27876,"clicks":591,"conversions":42,"spend":471.07,"revenue":21095.44},{"week_start":"2024-10-15","week_end":"2024-10-21","impressions":31703,"clicks":672,"conversions":48,"spend":535.74,"revenue":23991.72},{"week_start":"2024-10-22","week_end":"2024-10-28","impressions":25318,"clicks":537,"conversions":38,"spend":427.85,"revenue":19159.92},{"week_start":"2024-10-29","week_end":"2024-11-04","impressions":33798,"clicks":717,"conversions":51,"spend":571.14,"revenue":25576.91},{"week_start":"2024-11-05","week_end":"2024-11-11","impressions":26085,"clicks":553,"conversions":40,"spend":440.8,"revenue":19740.21},{"week_start":"2024-11-12","week_end":"2024-11-18","impressions":35500,"clicks":753,"conversions":54,"spend":599.9,"revenue":26864.78},{"week_start":"2024-11-19","week_end":"2024-11-25","impressions":29808,"clicks":632,"conversions":45,"spend":503.71,"revenue":22557.5},{"week_start":"2024-11-26","week_end":"2024-12-02","impressions":37260,"clicks":790,"conversions":57,"spend":629.64,"revenue":28196.65},{"week_start":"2024-12-03","week_end":"2024-12-09","impressions":39912,"clicks":846,"conversions":61,"spend":674.46,"revenue":30204.08},{"week_start":"2024-12-10","week_end":"2024-12-16","impressions":52919,"clicks":1122,"conversions":80,"spend":894.25,"revenue":40046.59},{"week_start":"2024-12-17","week_end":"2024-12-23","impressions":40624,"clicks":861,"conversions":62,"spend":686.48,"revenue":30742.38}],"regional_performance":[{"region":"Abu Dhabi","country":"UAE","impressions":108252,"clicks":2295,"conversions":165,"spend":1829.31,"revenue":81921,"ctr":2.12,"conversion_rate":7.19,"cpc":0.8,"cpa":11.09,"roas":44.78},{"region":"Dubai","country":"UAE","impressions":92788,"clicks":1967,"conversions":141,"spend":1567.98,"revenue":70218,"ctr":2.12,"conversion_rate":7.17,"cpc":0.8,"cpa":11.12,"roas":44.78},{"region":"Sharjah","country":"UAE","impressions":46394,"clicks":984,"conversions":71,"spend":783.99,"revenue":35109,"ctr":2.12,"conversion_rate":7.22,"cpc":0.8,"cpa":11.04,"roas":44.78},{"region":"Riyadh","country":"Saudi Arabia","impressions":24743,"clicks":525,"conversions":38,"spend":418.13,"revenue":18724.8,"ctr":2.12,"conversion_rate":7.24,"cpc":0.8,"cpa":11,"roas":44.78},{"region":"Doha","country":"Qatar","impressions":18558,"clicks":393,"conversions":28,"spend":313.6,"revenue":14043.6,"ctr":2.12,"conversion_rate":7.12,"cpc":0.8,"cpa":11.2,"roas":44.78},{"region":"Kuwait City","country":"Kuwait","impressions":12372,"clicks":262,"conversions":19,"spend":209.06,"revenue":9362.4,"ctr":2.12,"conversion_rate":7.25,"cpc":0.8,"cpa":11,"roas":44.78},{"region":"Manama","country":"Bahrain","impressions":6186,"clicks":131,"conversions":9,"spend":104.53,"revenue":4681.2,"ctr":2.12,"conversion_rate":6.87,"cpc":0.8,"cpa":11.61,"roas":44.78}],"creatives":[{"id":401,"name":"Carousel Creative 1","format":"Carousel","url":"/assets/campaigns/campaign_4_creative_1.jpg","performance_score":9.6,"is_primary":true,"impressions":120904,"clicks":1869,"ctr":1.55,"a_b_test_variant":"A"},{"id":402,"name":"Carousel Creative 2","format":"Carousel","url":"/assets/campaigns/campaign_4_creative_2.jpg","performance_score":8,"is_primary":false,"impressions":113740,"clicks":2416,"ctr":2.12,"a_b_test_variant":"B"},{"id":403,"name":"Carousel Creative 3","format":"Carousel","url":"/assets/campaigns/campaign_4_creative_3.jpg","performance_score":6.7,"is_primary":false,"impressions":116593,"clicks":2327,"ctr":2,"a_b_test_variant":"C"}],"timeline":{"start_date":"2024-10-29","created_date":"2024-10-22","last_updated":"2025-09-17"},"targeting":{"regions":["Abu Dhabi","Dubai","Sharjah","Riyadh","Doha"],"interests":["Wedding planning","Traditional fashion","Student celebrations","Cultural weddings","Islamic wedding customs","Family celebrations","Takchita fashion","Kaftan fashion","Student bridal wear","Traditional wedding dresses","Arabic bridal fashion","Cultural bridal gowns"],"behaviors":["Wedding planning","Value shoppers","Student discount seekers","Fashion enthusiasts","Sale browsers","Student shoppers","Family celebration planners"],"custom_audiences":["Traditional wedding visitors","Student newsletter subscribers","Previous customers","Wedding planners lookalike","Sale browsers","Student fashion shoppers"]}},{"id":5,"name":"Kaftan Bridesmaid Collection","status":"Active","objective":"Brand Awareness","medium":"Facebook","format":"Collection","product_category":"Bridesmaid Dresses","budget":1157.79,"spend":983.91,"budget_utilization":84.98,"impressions":152834,"clicks":1369,"conversions":19,"revenue":7980,"average_order_value":420,"ctr":0.9,"conversion_rate":1.37,"cpc":0.72,"cpa":51.78,"roas":8.11,"target_demographics":{"age_groups":["18-24","25-34","35-44"],"genders":["Female"],"primary_device":"Mobile"},"demographic_breakdown":[{"age_group":"18-24","gender":"Female","percentage_of_audience":25,"performance":{"impressions":38209,"clicks":342,"conversions":5,"ctr":0.9,"conversion_rate":1.46}},{"age_group":"25-34","gender":"Female","percentage_of_audience":30,"performance":{"impressions":45850,"clicks":411,"conversions":6,"ctr":0.9,"conversion_rate":1.46}},{"age_group":"35-44","gender":"Female","percentage_of_audience":20,"performance":{"impressions":30567,"clicks":274,"conversions":4,"ctr":0.9,"conversion_rate":1.46}},{"age_group":"18-24","gender":"Male","percentage_of_audience":8,"performance":{"impressions":12227,"clicks":110,"conversions":2,"ctr":0.9,"conversion_rate":1.82}},{"age_group":"25-34","gender":"Male","percentage_of_audience":12,"performance":{"impressions":18340,"clicks":164,"conversions":2,"ctr":0.89,"conversion_rate":1.22}},{"age_group":"35-44","gender":"Male","percentage_of_audience":5,"performance":{"impressions":7642,"clicks":68,"conversions":1,"ctr":0.89,"conversion_rate":1.47}}],"device_performance":[{"device":"Mobile","impressions":114626,"clicks":1027,"conversions":14,"spend":737.94,"revenue":5985,"ctr":0.9,"conversion_rate":1.36,"percentage_of_traffic":75},{"device":"Desktop","impressions":30567,"clicks":274,"conversions":4,"spend":196.78,"revenue":1596,"ctr":0.9,"conversion_rate":1.46,"percentage_of_traffic":20},{"device":"Tablet","impressions":7642,"clicks":68,"conversions":1,"spend":49.2,"revenue":399,"ctr":0.89,"conversion_rate":1.47,"percentage_of_traffic":5}],"weekly_performance":[{"week_start":"2024-10-01","week_end":"2024-10-07","impressions":12483,"clicks":112,"conversions":2,"spend":80.36,"revenue":651.77},{"week_start":"2024-10-08","week_end":"2024-10-14","impressions":12606,"clicks":113,"conversions":2,"spend":81.15,"revenue":658.18},{"week_start":"2024-10-15","week_end":"2024-10-21","impressions":17039,"clicks":153,"conversions":2,"spend":109.69,"revenue":889.67},{"week_start":"2024-10-22","week_end":"2024-10-28","impressions":12232,"clicks":110,"conversions":2,"spend":78.75,"revenue":638.69},{"week_start":"2024-10-29","week_end":"2024-11-04","impressions":16913,"clicks":151,"conversions":2,"spend":108.88,"revenue":883.1},{"week_start":"2024-11-05","week_end":"2024-11-11","impressions":13653,"clicks":122,"conversions":2,"spend":87.9,"revenue":712.88},{"week_start":"2024-11-12","week_end":"2024-11-18","impressions":14743,"clicks":132,"conversions":2,"spend":94.91,"revenue":769.8},{"week_start":"2024-11-19","week_end":"2024-11-25","impressions":14463,"clicks":130,"conversions":2,"spend":93.11,"revenue":755.15},{"week_start":"2024-11-26","week_end":"2024-12-02","impressions":18840,"clicks":169,"conversions":2,"spend":121.29,"revenue":983.68},{"week_start":"2024-12-03","week_end":"2024-12-09","impressions":18717,"clicks":168,"conversions":2,"spend":120.5,"revenue":977.28},{"week_start":"2024-12-10","week_end":"2024-12-16","impressions":18745,"clicks":168,"conversions":2,"spend":120.68,"revenue":978.74},{"week_start":"2024-12-17","week_end":"2024-12-23","impressions":26692,"clicks":239,"conversions":3,"spend":171.84,"revenue":1393.68}],"regional_performance":[{"region":"Abu Dhabi","country":"UAE","impressions":53492,"clicks":479,"conversions":7,"spend":344.37,"revenue":2793,"ctr":0.9,"conversion_rate":1.46,"cpc":0.72,"cpa":49.2,"roas":8.11},{"region":"Dubai","country":"UAE","impressions":45850,"clicks":411,"conversions":6,"spend":295.17,"revenue":2394,"ctr":0.9,"conversion_rate":1.46,"cpc":0.72,"cpa":49.2,"roas":8.11},{"region":"Sharjah","country":"UAE","impressions":22925,"clicks":205,"conversions":3,"spend":147.59,"revenue":1197,"ctr":0.89,"conversion_rate":1.46,"cpc":0.72,"cpa":49.2,"roas":8.11},{"region":"Riyadh","country":"Saudi Arabia","impressions":12227,"clicks":110,"conversions":2,"spend":78.71,"revenue":638.4,"ctr":0.9,"conversion_rate":1.82,"cpc":0.72,"cpa":39.35,"roas":8.11},{"region":"Doha","country":"Qatar","impressions":9170,"clicks":82,"conversions":1,"spend":59.03,"revenue":478.8,"ctr":0.89,"conversion_rate":1.22,"cpc":0.72,"cpa":59.03,"roas":8.11},{"region":"Kuwait City","country":"Kuwait","impressions":6113,"clicks":55,"conversions":1,"spend":39.36,"revenue":319.2,"ctr":0.9,"conversion_rate":1.82,"cpc":0.72,"cpa":39.36,"roas":8.11},{"region":"Manama","country":"Bahrain","impressions":3057,"clicks":27,"conversions":0,"spend":19.68,"revenue":159.6,"ctr":0.88,"conversion_rate":0,"cpc":0.73,"cpa":0,"roas":8.11}],"creatives":[{"id":501,"name":"Collection Creative 1","format":"Collection","url":"/assets/campaigns/campaign_5_creative_1.jpg","performance_score":8.2,"is_primary":true,"impressions":57904,"clicks":519,"ctr":0.9,"a_b_test_variant":"A"},{"id":502,"name":"Collection Creative 2","format":"Collection","url":"/assets/campaigns/campaign_5_creative_2.jpg","performance_score":7.8,"is_primary":false,"impressions":44082,"clicks":446,"ctr":1.01,"a_b_test_variant":"B"},{"id":503,"name":"Collection Creative 3","format":"Collection","url":"/assets/campaigns/campaign_5_creative_3.jpg","performance_score":9.3,"is_primary":false,"impressions":57972,"clicks":548,"ctr":0.95,"a_b_test_variant":"C"}],"timeline":{"start_date":"2024-10-14","created_date":"2024-10-07","last_updated":"2025-09-17"},"targeting":{"regions":["Abu Dhabi","Dubai","Sharjah","Riyadh","Doha"],"interests":["Wedding planning","Traditional fashion","Student celebrations","Cultural weddings","Islamic wedding customs","Family celebrations","Henna ceremony","Wedding party attire","Student bridesmaid wear","Jalabiya fashion","Traditional celebrations"],"behaviors":["Wedding planning","Value shoppers","Student discount seekers","Fashion enthusiasts","Sale browsers","Student shoppers","Family celebration planners"],"custom_audiences":["Traditional wedding visitors","Student newsletter subscribers","Previous customers","Wedding planners lookalike","Sale browsers","Student fashion shoppers"]}},{"id":6,"name":"Jalabiya Sets for Bridesmaids","status":"Active","objective":"Conversions","medium":"Instagram","format":"Reels","product_category":"Bridesmaid Dresses","budget":5414.53,"spend":4220.88,"budget_utilization":77.95,"impressions":350498,"clicks":5456,"conversions":410,"revenue":107830,"average_order_value":263,"ctr":1.56,"conversion_rate":7.51,"cpc":0.77,"cpa":10.29,"roas":25.55,"target_demographics":{"age_groups":["18-24","25-34","35-44"],"genders":["Female"],"primary_device":"Mobile"},"demographic_breakdown":[{"age_group":"18-24","gender":"Female","percentage_of_audience":25,"performance":{"impressions":87624,"clicks":1364,"conversions":103,"ctr":1.56,"conversion_rate":7.55}},{"age_group":"25-34","gender":"Female","percentage_of_audience":30,"performance":{"impressions":105149,"clicks":1637,"conversions":123,"ctr":1.56,"conversion_rate":7.51}},{"age_group":"35-44","gender":"Female","percentage_of_audience":20,"performance":{"impressions":70100,"clicks":1091,"conversions":82,"ctr":1.56,"conversion_rate":7.52}},{"age_group":"18-24","gender":"Male","percentage_of_audience":8,"performance":{"impressions":28040,"clicks":436,"conversions":33,"ctr":1.55,"conversion_rate":7.57}},{"age_group":"25-34","gender":"Male","percentage_of_audience":12,"performance":{"impressions":42060,"clicks":655,"conversions":49,"ctr":1.56,"conversion_rate":7.48}},{"age_group":"35-44","gender":"Male","percentage_of_audience":5,"performance":{"impressions":17525,"clicks":273,"conversions":21,"ctr":1.56,"conversion_rate":7.69}}],"device_performance":[{"device":"Mobile","impressions":262873,"clicks":4092,"conversions":308,"spend":3165.66,"revenue":80872.5,"ctr":1.56,"conversion_rate":7.53,"percentage_of_traffic":75},{"device":"Desktop","impressions":70100,"clicks":1091,"conversions":82,"spend":844.18,"revenue":21566,"ctr":1.56,"conversion_rate":7.52,"percentage_of_traffic":20},{"device":"Tablet","impressions":17525,"clicks":273,"conversions":21,"spend":211.04,"revenue":5391.5,"ctr":1.56,"conversion_rate":7.69,"percentage_of_traffic":5}],"weekly_performance":[{"week_start":"2024-10-01","week_end":"2024-10-07","impressions":32880,"clicks":512,"conversions":38,"spend":395.96,"revenue":10115.41},{"week_start":"2024-10-08","week_end":"2024-10-14","impressions":29122,"clicks":453,"conversions":34,"spend":350.7,"revenue":8959.28},{"week_start":"2024-10-15","week_end":"2024-10-21","impressions":40184,"clicks":626,"conversions":47,"spend":483.92,"revenue":12362.68},{"week_start":"2024-10-22","week_end":"2024-10-28","impressions":39640,"clicks":617,"conversions":46,"spend":477.37,"revenue":12195.23},{"week_start":"2024-10-29","week_end":"2024-11-04","impressions":40081,"clicks":624,"conversions":47,"spend":482.68,"revenue":12330.92},{"week_start":"2024-11-05","week_end":"2024-11-11","impressions":28670,"clicks":446,"conversions":34,"spend":345.26,"revenue":8820.41},{"week_start":"2024-11-12","week_end":"2024-11-18","impressions":33348,"clicks":519,"conversions":39,"spend":401.6,"revenue":10259.58},{"week_start":"2024-11-19","week_end":"2024-11-25","impressions":31628,"clicks":492,"conversions":37,"spend":380.88,"revenue":9730.28},{"week_start":"2024-11-26","week_end":"2024-12-02","impressions":42035,"clicks":654,"conversions":49,"spend":506.21,"revenue":12932.09},{"week_start":"2024-12-03","week_end":"2024-12-09","impressions":44324,"clicks":690,"conversions":52,"spend":533.77,"revenue":13636.23},{"week_start":"2024-12-10","week_end":"2024-12-16","impressions":50804,"clicks":791,"conversions":59,"spend":611.81,"revenue":15629.75},{"week_start":"2024-12-17","week_end":"2024-12-23","impressions":56630,"clicks":882,"conversions":66,"spend":681.97,"revenue":17422.08}],"regional_performance":[{"region":"Abu Dhabi","country":"UAE","impressions":122674,"clicks":1910,"conversions":144,"spend":1477.31,"revenue":37740.5,"ctr":1.56,"conversion_rate":7.54,"cpc":0.77,"cpa":10.26,"roas":25.55},{"region":"Dubai","country":"UAE","impressions":105149,"clicks":1637,"conversions":123,"spend":1266.26,"revenue":32349,"ctr":1.56,"conversion_rate":7.51,"cpc":0.77,"cpa":10.29,"roas":25.55},{"region":"Sharjah","country":"UAE","impressions":52575,"clicks":818,"conversions":62,"spend":633.13,"revenue":16174.5,"ctr":1.56,"conversion_rate":7.58,"cpc":0.77,"cpa":10.21,"roas":25.55},{"region":"Riyadh","country":"Saudi Arabia","impressions":28040,"clicks":436,"conversions":33,"spend":337.67,"revenue":8626.4,"ctr":1.55,"conversion_rate":7.57,"cpc":0.77,"cpa":10.23,"roas":25.55},{"region":"Doha","country":"Qatar","impressions":21030,"clicks":327,"conversions":25,"spend":253.25,"revenue":6469.8,"ctr":1.55,"conversion_rate":7.65,"cpc":0.77,"cpa":10.13,"roas":25.55},{"region":"Kuwait City","country":"Kuwait","impressions":14020,"clicks":218,"conversions":16,"spend":168.84,"revenue":4313.2,"ctr":1.55,"conversion_rate":7.34,"cpc":0.77,"cpa":10.55,"roas":25.55},{"region":"Manama","country":"Bahrain","impressions":7010,"clicks":109,"conversions":8,"spend":84.42,"revenue":2156.6,"ctr":1.55,"conversion_rate":7.34,"cpc":0.77,"cpa":10.55,"roas":25.55}],"creatives":[{"id":601,"name":"Reels Creative 1","format":"Reels","url":"/assets/campaigns/campaign_6_creative_1.jpg","performance_score":5.1,"is_primary":true,"impressions":162433,"clicks":3001,"ctr":1.85,"a_b_test_variant":"A"},{"id":602,"name":"Reels Creative 2","format":"Reels","url":"/assets/campaigns/campaign_6_creative_2.jpg","performance_score":8.4,"is_primary":false,"impressions":192147,"clicks":2324,"ctr":1.21,"a_b_test_variant":"B"}],"timeline":{"start_date":"2024-10-31","created_date":"2024-10-24","last_updated":"2025-09-17"},"targeting":{"regions":["Abu Dhabi","Dubai","Sharjah","Riyadh","Doha"],"interests":["Wedding planning","Traditional fashion","Student celebrations","Cultural weddings","Islamic wedding customs","Family celebrations","Henna ceremony","Wedding party attire","Student bridesmaid wear","Jalabiya fashion","Traditional celebrations"],"behaviors":["Wedding planning","Value shoppers","Student discount seekers","Fashion enthusiasts","Sale browsers","Student shoppers","Family celebration planners"],"custom_audiences":["Traditional wedding visitors","Student newsletter subscribers","Previous customers","Wedding planners lookalike","Sale browsers","Student fashion shoppers"]}},{"id":7,"name":"Modest Bridesmaid Abayas","status":"Active","objective":"Traffic","medium":"Google Ads","format":"Image","product_category":"Bridesmaid Dresses","budget":5914.88,"spend":4839.58,"budget_utilization":81.82,"impressions":156966,"clicks":5034,"conversions":151,"revenue":53907,"average_order_value":357,"ctr":3.21,"conversion_rate":3,"cpc":0.96,"cpa":32.05,"roas":11.14,"target_demographics":{"age_groups":["18-24","25-34","35-44"],"genders":["Female"],"primary_device":"Mobile"},"demographic_breakdown":[{"age_group":"18-24","gender":"Female","percentage_of_audience":25,"performance":{"impressions":39241,"clicks":1259,"conversions":38,"ctr":3.21,"conversion_rate":3.02}},{"age_group":"25-34","gender":"Female","percentage_of_audience":30,"performance":{"impressions":47090,"clicks":1510,"conversions":45,"ctr":3.21,"conversion_rate":2.98}},{"age_group":"35-44","gender":"Female","percentage_of_audience":20,"performance":{"impressions":31393,"clicks":1007,"conversions":30,"ctr":3.21,"conversion_rate":2.98}},{"age_group":"18-24","gender":"Male","percentage_of_audience":8,"performance":{"impressions":12557,"clicks":403,"conversions":12,"ctr":3.21,"conversion_rate":2.98}},{"age_group":"25-34","gender":"Male","percentage_of_audience":12,"performance":{"impressions":18836,"clicks":604,"conversions":18,"ctr":3.21,"conversion_rate":2.98}},{"age_group":"35-44","gender":"Male","percentage_of_audience":5,"performance":{"impressions":7848,"clicks":252,"conversions":8,"ctr":3.21,"conversion_rate":3.17}}],"device_performance":[{"device":"Mobile","impressions":117724,"clicks":3776,"conversions":113,"spend":3629.69,"revenue":40430.25,"ctr":3.21,"conversion_rate":2.99,"percentage_of_traffic":75},{"device":"Desktop","impressions":31393,"clicks":1007,"conversions":30,"spend":967.92,"revenue":10781.4,"ctr":3.21,"conversion_rate":2.98,"percentage_of_traffic":20},{"device":"Tablet","impressions":7848,"clicks":252,"conversions":8,"spend":241.98,"revenue":2695.35,"ctr":3.21,"conversion_rate":3.17,"percentage_of_traffic":5}],"weekly_performance":[{"week_start":"2024-10-01","week_end":"2024-10-07","impressions":17658,"clicks":566,"conversions":17,"spend":544.43,"revenue":6064.33},{"week_start":"2024-10-08","week_end":"2024-10-14","impressions":15841,"clicks":508,"conversions":15,"spend":488.4,"revenue":5440.22},{"week_start":"2024-10-15","week_end":"2024-10-21","impressions":15411,"clicks":494,"conversions":15,"spend":475.14,"revenue":5292.51},{"week_start":"2024-10-22","week_end":"2024-10-28","impressions":13791,"clicks":442,"conversions":13,"spend":425.21,"revenue":4736.27},{"week_start":"2024-10-29","week_end":"2024-11-04","impressions":18355,"clicks":589,"conversions":18,"spend":565.92,"revenue":6303.68},{"week_start":"2024-11-05","week_end":"2024-11-11","impressions":15353,"clicks":492,"conversions":15,"spend":473.36,"revenue":5272.66},{"week_start":"2024-11-12","week_end":"2024-11-18","impressions":13005,"clicks":417,"conversions":13,"spend":400.98,"revenue":4466.47},{"week_start":"2024-11-19","week_end":"2024-11-25","impressions":14319,"clicks":459,"conversions":14,"spend":441.47,"revenue":4917.46},{"week_start":"2024-11-26","week_end":"2024-12-02","impressions":23243,"clicks":745,"conversions":22,"spend":716.64,"revenue":7982.51},{"week_start":"2024-12-03","week_end":"2024-12-09","impressions":20536,"clicks":659,"conversions":20,"spend":633.16,"revenue":7052.63},{"week_start":"2024-12-10","week_end":"2024-12-16","impressions":22263,"clicks":714,"conversions":21,"spend":686.4,"revenue":7645.7},{"week_start":"2024-12-17","week_end":"2024-12-23","impressions":26185,"clicks":840,"conversions":25,"spend":807.33,"revenue":8992.65}],"regional_performance":[{"region":"Abu Dhabi","country":"UAE","impressions":54938,"clicks":1762,"conversions":53,"spend":1693.85,"revenue":18867.45,"ctr":3.21,"conversion_rate":3.01,"cpc":0.96,"cpa":31.96,"roas":11.14},{"region":"Dubai","country":"UAE","impressions":47090,"clicks":1510,"conversions":45,"spend":1451.87,"revenue":16172.1,"ctr":3.21,"conversion_rate":2.98,"cpc":0.96,"cpa":32.26,"roas":11.14},{"region":"Sharjah","country":"UAE","impressions":23545,"clicks":755,"conversions":23,"spend":725.94,"revenue":8086.05,"ctr":3.21,"conversion_rate":3.05,"cpc":0.96,"cpa":31.56,"roas":11.14},{"region":"Riyadh","country":"Saudi Arabia","impressions":12557,"clicks":403,"conversions":12,"spend":387.17,"revenue":4312.56,"ctr":3.21,"conversion_rate":2.98,"cpc":0.96,"cpa":32.26,"roas":11.14},{"region":"Doha","country":"Qatar","impressions":9418,"clicks":302,"conversions":9,"spend":290.37,"revenue":3234.42,"ctr":3.21,"conversion_rate":2.98,"cpc":0.96,"cpa":32.26,"roas":11.14},{"region":"Kuwait City","country":"Kuwait","impressions":6279,"clicks":201,"conversions":6,"spend":193.58,"revenue":2156.28,"ctr":3.2,"conversion_rate":2.99,"cpc":0.96,"cpa":32.26,"roas":11.14},{"region":"Manama","country":"Bahrain","impressions":3139,"clicks":101,"conversions":3,"spend":96.79,"revenue":1078.14,"ctr":3.22,"conversion_rate":2.97,"cpc":0.96,"cpa":32.26,"roas":11.14}],"creatives":[{"id":701,"name":"Image Creative 1","format":"Image","url":"/assets/campaigns/campaign_7_creative_1.jpg","performance_score":8.3,"is_primary":true,"impressions":49709,"clicks":1865,"ctr":3.75,"a_b_test_variant":"A"},{"id":702,"name":"Image Creative 2","format":"Image","url":"/assets/campaigns/campaign_7_creative_2.jpg","performance_score":8.4,"is_primary":false,"impressions":61798,"clicks":1433,"ctr":2.32,"a_b_test_variant":"B"},{"id":703,"name":"Image Creative 3","format":"Image","url":"/assets/campaigns/campaign_7_creative_3.jpg","performance_score":6.6,"is_primary":false,"impressions":50687,"clicks":1773,"ctr":3.5,"a_b_test_variant":"C"}],"timeline":{"start_date":"2024-10-02","created_date":"2024-09-25","last_updated":"2025-09-17"},"targeting":{"regions":["Abu Dhabi","Dubai","Sharjah","Riyadh","Doha"],"interests":["Wedding planning","Traditional fashion","Student celebrations","Cultural weddings","Islamic wedding customs","Family celebrations","Henna ceremony","Wedding party attire","Student bridesmaid wear","Jalabiya fashion","Traditional celebrations"],"behaviors":["Wedding planning","Value shoppers","Student discount seekers","Fashion enthusiasts","Sale browsers","Student shoppers","Family celebration planners"],"custom_audiences":["Traditional wedding visitors","Student newsletter subscribers","Previous customers","Wedding planners lookalike","Sale browsers","Student fashion shoppers"]}},{"id":8,"name":"Henna Night Special Dresses","status":"Active","objective":"Engagement","medium":"Instagram","format":"Story","product_category":"Bridesmaid Dresses","budget":1932.96,"spend":1729.53,"budget_utilization":89.48,"impressions":152376,"clicks":2605,"conversions":51,"revenue":16524,"average_order_value":324,"ctr":1.71,"conversion_rate":1.94,"cpc":0.66,"cpa":33.91,"roas":9.55,"target_demographics":{"age_groups":["18-24","25-34","35-44"],"genders":["Female"],"primary_device":"Mobile"},"demographic_breakdown":[{"age_group":"18-24","gender":"Female","percentage_of_audience":25,"performance":{"impressions":38094,"clicks":651,"conversions":13,"ctr":1.71,"conversion_rate":2}},{"age_group":"25-34","gender":"Female","percentage_of_audience":30,"performance":{"impressions":45713,"clicks":782,"conversions":15,"ctr":1.71,"conversion_rate":1.92}},{"age_group":"35-44","gender":"Female","percentage_of_audience":20,"performance":{"impressions":30475,"clicks":521,"conversions":10,"ctr":1.71,"conversion_rate":1.92}},{"age_group":"18-24","gender":"Male","percentage_of_audience":8,"performance":{"impressions":12190,"clicks":208,"conversions":4,"ctr":1.71,"conversion_rate":1.92}},{"age_group":"25-34","gender":"Male","percentage_of_audience":12,"performance":{"impressions":18285,"clicks":313,"conversions":6,"ctr":1.71,"conversion_rate":1.92}},{"age_group":"35-44","gender":"Male","percentage_of_audience":5,"performance":{"impressions":7619,"clicks":130,"conversions":3,"ctr":1.71,"conversion_rate":2.31}}],"device_performance":[{"device":"Mobile","impressions":114282,"clicks":1954,"conversions":38,"spend":1297.15,"revenue":12393,"ctr":1.71,"conversion_rate":1.94,"percentage_of_traffic":75},{"device":"Desktop","impressions":30475,"clicks":521,"conversions":10,"spend":345.91,"revenue":3304.8,"ctr":1.71,"conversion_rate":1.92,"percentage_of_traffic":20},{"device":"Tablet","impressions":7619,"clicks":130,"conversions":3,"spend":86.48,"revenue":826.2,"ctr":1.71,"conversion_rate":2.31,"percentage_of_traffic":5}],"weekly_performance":[{"week_start":"2024-10-01","week_end":"2024-10-07","impressions":12851,"clicks":220,"conversions":4,"spend":145.87,"revenue":1393.63},{"week_start":"2024-10-08","week_end":"2024-10-14","impressions":14229,"clicks":243,"conversions":5,"spend":161.51,"revenue":1543.07},{"week_start":"2024-10-15","week_end":"2024-10-21","impressions":15788,"clicks":270,"conversions":5,"spend":179.21,"revenue":1712.13},{"week_start":"2024-10-22","week_end":"2024-10-28","impressions":17008,"clicks":291,"conversions":6,"spend":193.05,"revenue":1844.37},{"week_start":"2024-10-29","week_end":"2024-11-04","impressions":16151,"clicks":276,"conversions":5,"spend":183.32,"revenue":1751.41},{"week_start":"2024-11-05","week_end":"2024-11-11","impressions":12801,"clicks":219,"conversions":4,"spend":145.3,"revenue":1388.21},{"week_start":"2024-11-12","week_end":"2024-11-18","impressions":16721,"clicks":286,"conversions":6,"spend":189.79,"revenue":1813.26},{"week_start":"2024-11-19","week_end":"2024-11-25","impressions":12889,"clicks":220,"conversions":4,"spend":146.3,"revenue":1397.73},{"week_start":"2024-11-26","week_end":"2024-12-02","impressions":21026,"clicks":359,"conversions":7,"spend":238.65,"revenue":2280.07},{"week_start":"2024-12-03","week_end":"2024-12-09","impressions":21215,"clicks":363,"conversions":7,"spend":240.8,"revenue":2300.59},{"week_start":"2024-12-10","week_end":"2024-12-16","impressions":23606,"clicks":404,"conversions":8,"spend":267.94,"revenue":2559.88},{"week_start":"2024-12-17","week_end":"2024-12-23","impressions":25847,"clicks":442,"conversions":9,"spend":293.37,"revenue":2802.9}],"regional_performance":[{"region":"Abu Dhabi","country":"UAE","impressions":53332,"clicks":912,"conversions":18,"spend":605.34,"revenue":5783.4,"ctr":1.71,"conversion_rate":1.97,"cpc":0.66,"cpa":33.63,"roas":9.55},{"region":"Dubai","country":"UAE","impressions":45713,"clicks":782,"conversions":15,"spend":518.86,"revenue":4957.2,"ctr":1.71,"conversion_rate":1.92,"cpc":0.66,"cpa":34.59,"roas":9.55},{"region":"Sharjah","country":"UAE","impressions":22856,"clicks":391,"conversions":8,"spend":259.43,"revenue":2478.6,"ctr":1.71,"conversion_rate":2.05,"cpc":0.66,"cpa":32.43,"roas":9.55},{"region":"Riyadh","country":"Saudi Arabia","impressions":12190,"clicks":208,"conversions":4,"spend":138.36,"revenue":1321.92,"ctr":1.71,"conversion_rate":1.92,"cpc":0.67,"cpa":34.59,"roas":9.55},{"region":"Doha","country":"Qatar","impressions":9143,"clicks":156,"conversions":3,"spend":103.77,"revenue":991.44,"ctr":1.71,"conversion_rate":1.92,"cpc":0.67,"cpa":34.59,"roas":9.55},{"region":"Kuwait City","country":"Kuwait","impressions":6095,"clicks":104,"conversions":2,"spend":69.18,"revenue":660.96,"ctr":1.71,"conversion_rate":1.92,"cpc":0.67,"cpa":34.59,"roas":9.55},{"region":"Manama","country":"Bahrain","impressions":3048,"clicks":52,"conversions":1,"spend":34.59,"revenue":330.48,"ctr":1.71,"conversion_rate":1.92,"cpc":0.67,"cpa":34.59,"roas":9.55}],"creatives":[{"id":801,"name":"Story Creative 1","format":"Story","url":"/assets/campaigns/campaign_8_creative_1.jpg","performance_score":9.4,"is_primary":true,"impressions":52482,"clicks":754,"ctr":1.44,"a_b_test_variant":"A"},{"id":802,"name":"Story Creative 2","format":"Story","url":"/assets/campaigns/campaign_8_creative_2.jpg","performance_score":7.1,"is_primary":false,"impressions":52692,"clicks":892,"ctr":1.69,"a_b_test_variant":"B"},{"id":803,"name":"Story Creative 3","format":"Story","url":"/assets/campaigns/campaign_8_creative_3.jpg","performance_score":7.2,"is_primary":false,"impressions":47136,"clicks":831,"ctr":1.76,"a_b_test_variant":"C"}],"timeline":{"start_date":"2024-11-17","created_date":"2024-11-10","last_updated":"2025-09-17"},"targeting":{"regions":["Abu Dhabi","Dubai","Sharjah","Riyadh","Doha"],"interests":["Wedding planning","Traditional fashion","Student celebrations","Cultural weddings","Islamic wedding customs","Family celebrations","Henna ceremony","Wedding party attire","Student bridesmaid wear","Jalabiya fashion","Traditional celebrations"],"behaviors":["Wedding planning","Value shoppers","Student discount seekers","Fashion enthusiasts","Sale browsers","Student shoppers","Family celebration planners"],"custom_audiences":["Traditional wedding visitors","Student newsletter subscribers","Previous customers","Wedding planners lookalike","Sale browsers","Student fashion shoppers"]}},{"id":9,"name":"White Thobe Collection - Classic Style","status":"Active","objective":"Conversions","medium":"LinkedIn","format":"Image","product_category":"Groom Suits","budget":9017.02,"spend":7787.22,"budget_utilization":86.36,"impressions":199038,"clicks":5327,"conversions":400,"revenue":178000,"average_order_value":445,"ctr":2.68,"conversion_rate":7.51,"cpc":1.46,"cpa":19.47,"roas":22.86,"target_demographics":{"age_groups":["18-24","25-34","35-44"],"genders":["Male"],"primary_device":"Desktop"},"demographic_breakdown":[{"age_group":"18-24","gender":"Female","percentage_of_audience":25,"performance":{"impressions":49760,"clicks":1332,"conversions":100,"ctr":2.68,"conversion_rate":7.51}},{"age_group":"25-34","gender":"Female","percentage_of_audience":30,"performance":{"impressions":59711,"clicks":1598,"conversions":120,"ctr":2.68,"conversion_rate":7.51}},{"age_group":"35-44","gender":"Female","percentage_of_audience":20,"performance":{"impressions":39808,"clicks":1065,"conversions":80,"ctr":2.68,"conversion_rate":7.51}},{"age_group":"18-24","gender":"Male","percentage_of_audience":8,"performance":{"impressions":15923,"clicks":426,"conversions":32,"ctr":2.68,"conversion_rate":7.51}},{"age_group":"25-34","gender":"Male","percentage_of_audience":12,"performance":{"impressions":23885,"clicks":639,"conversions":48,"ctr":2.68,"conversion_rate":7.51}},{"age_group":"35-44","gender":"Male","percentage_of_audience":5,"performance":{"impressions":9952,"clicks":266,"conversions":20,"ctr":2.67,"conversion_rate":7.52}}],"device_performance":[{"device":"Mobile","impressions":149279,"clicks":3995,"conversions":300,"spend":5840.41,"revenue":133500,"ctr":2.68,"conversion_rate":7.51,"percentage_of_traffic":75},{"device":"Desktop","impressions":39808,"clicks":1065,"conversions":80,"spend":1557.44,"revenue":35600,"ctr":2.68,"conversion_rate":7.51,"percentage_of_traffic":20},{"device":"Tablet","impressions":9952,"clicks":266,"conversions":20,"spend":389.36,"revenue":8900,"ctr":2.67,"conversion_rate":7.52,"percentage_of_traffic":5}],"weekly_performance":[{"week_start":"2024-10-01","week_end":"2024-10-07","impressions":18211,"clicks":487,"conversions":37,"spend":712.5,"revenue":16286.25},{"week_start":"2024-10-08","week_end":"2024-10-14","impressions":22472,"clicks":601,"conversions":45,"spend":879.19,"revenue":20096.49},{"week_start":"2024-10-15","week_end":"2024-10-21","impressions":20030,"clicks":536,"conversions":40,"spend":783.67,"revenue":17913.2},{"week_start":"2024-10-22","week_end":"2024-10-28","impressions":19136,"clicks":512,"conversions":38,"spend":748.67,"revenue":17113.08},{"week_start":"2024-10-29","week_end":"2024-11-04","impressions":20103,"clicks":538,"conversions":40,"spend":786.52,"revenue":17978.31},{"week_start":"2024-11-05","week_end":"2024-11-11","impressions":19276,"clicks":516,"conversions":39,"spend":754.15,"revenue":17238.4},{"week_start":"2024-11-12","week_end":"2024-11-18","impressions":16836,"clicks":451,"conversions":34,"spend":658.69,"revenue":15056.38},{"week_start":"2024-11-19","week_end":"2024-11-25","impressions":19992,"clicks":535,"conversions":40,"spend":782.17,"revenue":17878.87},{"week_start":"2024-11-26","week_end":"2024-12-02","impressions":25013,"clicks":669,"conversions":50,"spend":978.61,"revenue":22368.96},{"week_start":"2024-12-03","week_end":"2024-12-09","impressions":25620,"clicks":686,"conversions":51,"spend":1002.36,"revenue":22912.03},{"week_start":"2024-12-10","week_end":"2024-12-16","impressions":28609,"clicks":766,"conversions":57,"spend":1119.29,"revenue":25584.76},{"week_start":"2024-12-17","week_end":"2024-12-23","impressions":26204,"clicks":701,"conversions":53,"spend":1025.2,"revenue":23433.92}],"regional_performance":[{"region":"Abu Dhabi","country":"UAE","impressions":69663,"clicks":1864,"conversions":140,"spend":2725.53,"revenue":62300,"ctr":2.68,"conversion_rate":7.51,"cpc":1.46,"cpa":19.47,"roas":22.86},{"region":"Dubai","country":"UAE","impressions":59711,"clicks":1598,"conversions":120,"spend":2336.17,"revenue":53400,"ctr":2.68,"conversion_rate":7.51,"cpc":1.46,"cpa":19.47,"roas":22.86},{"region":"Sharjah","country":"UAE","impressions":29856,"clicks":799,"conversions":60,"spend":1168.08,"revenue":26700,"ctr":2.68,"conversion_rate":7.51,"cpc":1.46,"cpa":19.47,"roas":22.86},{"region":"Riyadh","country":"Saudi Arabia","impressions":15923,"clicks":426,"conversions":32,"spend":622.98,"revenue":14240,"ctr":2.68,"conversion_rate":7.51,"cpc":1.46,"cpa":19.47,"roas":22.86},{"region":"Doha","country":"Qatar","impressions":11942,"clicks":320,"conversions":24,"spend":467.23,"revenue":10680,"ctr":2.68,"conversion_rate":7.5,"cpc":1.46,"cpa":19.47,"roas":22.86},{"region":"Kuwait City","country":"Kuwait","impressions":7962,"clicks":213,"conversions":16,"spend":311.49,"revenue":7120,"ctr":2.68,"conversion_rate":7.51,"cpc":1.46,"cpa":19.47,"roas":22.86},{"region":"Manama","country":"Bahrain","impressions":3981,"clicks":107,"conversions":8,"spend":155.74,"revenue":3560,"ctr":2.69,"conversion_rate":7.48,"cpc":1.46,"cpa":19.47,"roas":22.86}],"creatives":[{"id":901,"name":"Image Creative 1","format":"Image","url":"/assets/campaigns/campaign_9_creative_1.jpg","performance_score":6.6,"is_primary":true,"impressions":58338,"clicks":2031,"ctr":3.48,"a_b_test_variant":"A"},{"id":902,"name":"Image Creative 2","format":"Image","url":"/assets/campaigns/campaign_9_creative_2.jpg","performance_score":8.6,"is_primary":false,"impressions":76651,"clicks":1707,"ctr":2.23,"a_b_test_variant":"B"},{"id":903,"name":"Image Creative 3","format":"Image","url":"/assets/campaigns/campaign_9_creative_3.jpg","performance_score":7.1,"is_primary":false,"impressions":63336,"clicks":1477,"ctr":2.33,"a_b_test_variant":"C"}],"timeline":{"start_date":"2024-10-20","created_date":"2024-10-13","last_updated":"2025-09-17"},"targeting":{"regions":["Abu Dhabi","Dubai","Sharjah","Riyadh","Doha"],"interests":["Wedding planning","Traditional fashion","Student celebrations","Cultural weddings","Islamic wedding customs","Family celebrations","Thobe fashion","Ceremonial wear","Student groom attire","Traditional menswear","Arabic formal wear","Cultural groom traditions"],"behaviors":["Wedding planning","Value shoppers","Student discount seekers","Fashion enthusiasts","Sale browsers","Student shoppers","Family celebration planners"],"custom_audiences":["Traditional wedding visitors","Student newsletter subscribers","Previous customers","Wedding planners lookalike","Sale browsers","Student fashion shoppers"]}},{"id":10,"name":"Bisht Ceremonial Wear - Traditional","status":"Active","objective":"Traffic","medium":"Instagram","format":"Video","product_category":"Groom Suits","budget":2922.55,"spend":2144.03,"budget_utilization":73.36,"impressions":88119,"clicks":3671,"conversions":104,"revenue":37856,"average_order_value":364,"ctr":4.17,"conversion_rate":2.84,"cpc":0.58,"cpa":20.62,"roas":17.66,"target_demographics":{"age_groups":["18-24","25-34","35-44"],"genders":["Male"],"primary_device":"Mobile"},"demographic_breakdown":[{"age_group":"18-24","gender":"Female","percentage_of_audience":25,"performance":{"impressions":22030,"clicks":918,"conversions":26,"ctr":4.17,"conversion_rate":2.83}},{"age_group":"25-34","gender":"Female","percentage_of_audience":30,"performance":{"impressions":26436,"clicks":1101,"conversions":31,"ctr":4.16,"conversion_rate":2.82}},{"age_group":"35-44","gender":"Female","percentage_of_audience":20,"performance":{"impressions":17624,"clicks":734,"conversions":21,"ctr":4.16,"conversion_rate":2.86}},{"age_group":"18-24","gender":"Male","percentage_of_audience":8,"performance":{"impressions":7050,"clicks":294,"conversions":8,"ctr":4.17,"conversion_rate":2.72}},{"age_group":"25-34","gender":"Male","percentage_of_audience":12,"performance":{"impressions":10574,"clicks":441,"conversions":12,"ctr":4.17,"conversion_rate":2.72}},{"age_group":"35-44","gender":"Male","percentage_of_audience":5,"performance":{"impressions":4406,"clicks":184,"conversions":5,"ctr":4.18,"conversion_rate":2.72}}],"device_performance":[{"device":"Mobile","impressions":66089,"clicks":2753,"conversions":78,"spend":1608.02,"revenue":28392,"ctr":4.17,"conversion_rate":2.83,"percentage_of_traffic":75},{"device":"Desktop","impressions":17624,"clicks":734,"conversions":21,"spend":428.81,"revenue":7571.2,"ctr":4.16,"conversion_rate":2.86,"percentage_of_traffic":20},{"device":"Tablet","impressions":4406,"clicks":184,"conversions":5,"spend":107.2,"revenue":1892.8,"ctr":4.18,"conversion_rate":2.72,"percentage_of_traffic":5}],"weekly_performance":[{"week_start":"2024-10-01","week_end":"2024-10-07","impressions":7983,"clicks":333,"conversions":9,"spend":194.23,"revenue":3429.42},{"week_start":"2024-10-08","week_end":"2024-10-14","impressions":7742,"clicks":323,"conversions":9,"spend":188.36,"revenue":3325.83},{"week_start":"2024-10-15","week_end":"2024-10-21","impressions":10191,"clicks":425,"conversions":12,"spend":247.97,"revenue":4378.26},{"week_start":"2024-10-22","week_end":"2024-10-28","impressions":9571,"clicks":399,"conversions":11,"spend":232.87,"revenue":4111.62},{"week_start":"2024-10-29","week_end":"2024-11-04","impressions":8329,"clicks":347,"conversions":10,"spend":202.64,"revenue":3577.96},{"week_start":"2024-11-05","week_end":"2024-11-11","impressions":10387,"clicks":433,"conversions":12,"spend":252.72,"revenue":4462.08},{"week_start":"2024-11-12","week_end":"2024-11-18","impressions":7211,"clicks":300,"conversions":9,"spend":175.46,"revenue":3098.02},{"week_start":"2024-11-19","week_end":"2024-11-25","impressions":8288,"clicks":345,"conversions":10,"spend":201.67,"revenue":3560.7},{"week_start":"2024-11-26","week_end":"2024-12-02","impressions":11733,"clicks":489,"conversions":14,"spend":285.48,"revenue":5040.51},{"week_start":"2024-12-03","week_end":"2024-12-09","impressions":12137,"clicks":506,"conversions":14,"spend":295.31,"revenue":5214.13},{"week_start":"2024-12-10","week_end":"2024-12-16","impressions":14793,"clicks":616,"conversions":17,"spend":359.93,"revenue":6355.11},{"week_start":"2024-12-17","week_end":"2024-12-23","impressions":11715,"clicks":488,"conversions":14,"spend":285.04,"revenue":5032.81}],"regional_performance":[{"region":"Abu Dhabi","country":"UAE","impressions":30842,"clicks":1285,"conversions":36,"spend":750.41,"revenue":13249.6,"ctr":4.17,"conversion_rate":2.8,"cpc":0.58,"cpa":20.84,"roas":17.66},{"region":"Dubai","country":"UAE","impressions":26436,"clicks":1101,"conversions":31,"spend":643.21,"revenue":11356.8,"ctr":4.16,"conversion_rate":2.82,"cpc":0.58,"cpa":20.75,"roas":17.66},{"region":"Sharjah","country":"UAE","impressions":13218,"clicks":551,"conversions":16,"spend":321.6,"revenue":5678.4,"ctr":4.17,"conversion_rate":2.9,"cpc":0.58,"cpa":20.1,"roas":17.66},{"region":"Riyadh","country":"Saudi Arabia","impressions":7050,"clicks":294,"conversions":8,"spend":171.52,"revenue":3028.48,"ctr":4.17,"conversion_rate":2.72,"cpc":0.58,"cpa":21.44,"roas":17.66},{"region":"Doha","country":"Qatar","impressions":5287,"clicks":220,"conversions":6,"spend":128.64,"revenue":2271.36,"ctr":4.16,"conversion_rate":2.73,"cpc":0.58,"cpa":21.44,"roas":17.66},{"region":"Kuwait City","country":"Kuwait","impressions":3525,"clicks":147,"conversions":4,"spend":85.76,"revenue":1514.24,"ctr":4.17,"conversion_rate":2.72,"cpc":0.58,"cpa":21.44,"roas":17.66},{"region":"Manama","country":"Bahrain","impressions":1762,"clicks":73,"conversions":2,"spend":42.88,"revenue":757.12,"ctr":4.14,"conversion_rate":2.74,"cpc":0.59,"cpa":21.44,"roas":17.66}],"creatives":[{"id":1001,"name":"Video Creative 1","format":"Video","url":"/assets/campaigns/campaign_10_creative_1.jpg","performance_score":5.2,"is_primary":true,"impressions":26870,"clicks":1394,"ctr":5.19,"a_b_test_variant":"A"},{"id":1002,"name":"Video Creative 2","format":"Video","url":"/assets/campaigns/campaign_10_creative_2.jpg","performance_score":7.9,"is_primary":false,"impressions":34700,"clicks":1248,"ctr":3.6,"a_b_test_variant":"B"},{"id":1003,"name":"Video Creative 3","format":"Video","url":"/assets/campaigns/campaign_10_creative_3.jpg","performance_score":6.6,"is_primary":false,"impressions":27704,"clicks":1280,"ctr":4.62,"a_b_test_variant":"C"}],"timeline":{"start_date":"2024-11-29","created_date":"2024-11-22","last_updated":"2025-09-17"},"targeting":{"regions":["Abu Dhabi","Dubai","Sharjah","Riyadh","Doha"],"interests":["Wedding planning","Traditional fashion","Student celebrations","Cultural weddings","Islamic wedding customs","Family celebrations","Thobe fashion","Ceremonial wear","Student groom attire","Traditional menswear","Arabic formal wear","Cultural groom traditions"],"behaviors":["Wedding planning","Value shoppers","Student discount seekers","Fashion enthusiasts","Sale browsers","Student shoppers","Family celebration planners"],"custom_audiences":["Traditional wedding visitors","Student newsletter subscribers","Previous customers","Wedding planners lookalike","Sale browsers","Student fashion shoppers"]}},{"id":11,"name":"Cotton Dishdasha Wedding Collection","status":"Active","objective":"Brand Awareness","medium":"Facebook","format":"Carousel","product_category":"Groom Suits","budget":819.17,"spend":713.62,"budget_utilization":87.12,"impressions":157038,"clicks":1493,"conversions":36,"revenue":13356,"average_order_value":371,"ctr":0.95,"conversion_rate":2.44,"cpc":0.48,"cpa":19.82,"roas":18.72,"target_demographics":{"age_groups":["18-24","25-34","35-44"],"genders":["Male"],"primary_device":"Mobile"},"demographic_breakdown":[{"age_group":"18-24","gender":"Female","percentage_of_audience":25,"performance":{"impressions":39260,"clicks":373,"conversions":9,"ctr":0.95,"conversion_rate":2.41}},{"age_group":"25-34","gender":"Female","percentage_of_audience":30,"performance":{"impressions":47111,"clicks":448,"conversions":11,"ctr":0.95,"conversion_rate":2.46}},{"age_group":"35-44","gender":"Female","percentage_of_audience":20,"performance":{"impressions":31408,"clicks":299,"conversions":7,"ctr":0.95,"conversion_rate":2.34}},{"age_group":"18-24","gender":"Male","percentage_of_audience":8,"performance":{"impressions":12563,"clicks":119,"conversions":3,"ctr":0.95,"conversion_rate":2.52}},{"age_group":"25-34","gender":"Male","percentage_of_audience":12,"performance":{"impressions":18845,"clicks":179,"conversions":4,"ctr":0.95,"conversion_rate":2.23}},{"age_group":"35-44","gender":"Male","percentage_of_audience":5,"performance":{"impressions":7852,"clicks":75,"conversions":2,"ctr":0.96,"conversion_rate":2.67}}],"device_performance":[{"device":"Mobile","impressions":117779,"clicks":1120,"conversions":27,"spend":535.22,"revenue":10017,"ctr":0.95,"conversion_rate":2.41,"percentage_of_traffic":75},{"device":"Desktop","impressions":31408,"clicks":299,"conversions":7,"spend":142.72,"revenue":2671.2,"ctr":0.95,"conversion_rate":2.34,"percentage_of_traffic":20},{"device":"Tablet","impressions":7852,"clicks":75,"conversions":2,"spend":35.68,"revenue":667.8,"ctr":0.96,"conversion_rate":2.67,"percentage_of_traffic":5}],"weekly_performance":[{"week_start":"2024-10-01","week_end":"2024-10-07","impressions":17314,"clicks":165,"conversions":4,"spend":78.68,"revenue":1472.51},{"week_start":"2024-10-08","week_end":"2024-10-14","impressions":17918,"clicks":170,"conversions":4,"spend":81.42,"revenue":1523.9},{"week_start":"2024-10-15","week_end":"2024-10-21","impressions":17941,"clicks":171,"conversions":4,"spend":81.53,"revenue":1525.86},{"week_start":"2024-10-22","week_end":"2024-10-28","impressions":16869,"clicks":160,"conversions":4,"spend":76.66,"revenue":1434.73},{"week_start":"2024-10-29","week_end":"2024-11-04","impressions":13587,"clicks":129,"conversions":3,"spend":61.74,"revenue":1155.6},{"week_start":"2024-11-05","week_end":"2024-11-11","impressions":16514,"clicks":157,"conversions":4,"spend":75.04,"revenue":1404.5},{"week_start":"2024-11-12","week_end":"2024-11-18","impressions":14241,"clicks":135,"conversions":3,"spend":64.71,"revenue":1211.18},{"week_start":"2024-11-19","week_end":"2024-11-25","impressions":17490,"clicks":166,"conversions":4,"spend":79.48,"revenue":1487.54},{"week_start":"2024-11-26","week_end":"2024-12-02","impressions":19209,"clicks":183,"conversions":4,"spend":87.29,"revenue":1633.76},{"week_start":"2024-12-03","week_end":"2024-12-09","impressions":16503,"clicks":157,"conversions":4,"spend":74.99,"revenue":1403.57},{"week_start":"2024-12-10","week_end":"2024-12-16","impressions":22117,"clicks":210,"conversions":5,"spend":100.5,"revenue":1881.02},{"week_start":"2024-12-17","week_end":"2024-12-23","impressions":25554,"clicks":243,"conversions":6,"spend":116.13,"revenue":2173.39}],"regional_performance":[{"region":"Abu Dhabi","country":"UAE","impressions":54963,"clicks":523,"conversions":13,"spend":249.77,"revenue":4674.6,"ctr":0.95,"conversion_rate":2.49,"cpc":0.48,"cpa":19.21,"roas":18.72},{"region":"Dubai","country":"UAE","impressions":47111,"clicks":448,"conversions":11,"spend":214.09,"revenue":4006.8,"ctr":0.95,"conversion_rate":2.46,"cpc":0.48,"cpa":19.46,"roas":18.72},{"region":"Sharjah","country":"UAE","impressions":23556,"clicks":224,"conversions":5,"spend":107.04,"revenue":2003.4,"ctr":0.95,"conversion_rate":2.23,"cpc":0.48,"cpa":21.41,"roas":18.72},{"region":"Riyadh","country":"Saudi Arabia","impressions":12563,"clicks":119,"conversions":3,"spend":57.09,"revenue":1068.48,"ctr":0.95,"conversion_rate":2.52,"cpc":0.48,"cpa":19.03,"roas":18.72},{"region":"Doha","country":"Qatar","impressions":9422,"clicks":90,"conversions":2,"spend":42.82,"revenue":801.36,"ctr":0.96,"conversion_rate":2.22,"cpc":0.48,"cpa":21.41,"roas":18.71},{"region":"Kuwait City","country":"Kuwait","impressions":6282,"clicks":60,"conversions":1,"spend":28.54,"revenue":534.24,"ctr":0.96,"conversion_rate":1.67,"cpc":0.48,"cpa":28.54,"roas":18.72},{"region":"Manama","country":"Bahrain","impressions":3141,"clicks":30,"conversions":1,"spend":14.27,"revenue":267.12,"ctr":0.96,"conversion_rate":3.33,"cpc":0.48,"cpa":14.27,"roas":18.72}],"creatives":[{"id":1101,"name":"Carousel Creative 1","format":"Carousel","url":"/assets/campaigns/campaign_11_creative_1.jpg","performance_score":7.8,"is_primary":true,"impressions":144056,"clicks":1580,"ctr":1.1}],"timeline":{"start_date":"2024-11-14","created_date":"2024-11-07","last_updated":"2025-09-17"},"targeting":{"regions":["Abu Dhabi","Dubai","Sharjah","Riyadh","Doha"],"interests":["Wedding planning","Traditional fashion","Student celebrations","Cultural weddings","Islamic wedding customs","Family celebrations","Thobe fashion","Ceremonial wear","Student groom attire","Traditional menswear","Arabic formal wear","Cultural groom traditions"],"behaviors":["Wedding planning","Value shoppers","Student discount seekers","Fashion enthusiasts","Sale browsers","Student shoppers","Family celebration planners"],"custom_audiences":["Traditional wedding visitors","Student newsletter subscribers","Previous customers","Wedding planners lookalike","Sale browsers","Student fashion shoppers"]}},{"id":12,"name":"Lebanese Sherwal Suits","status":"Active","objective":"Conversions","medium":"Google Ads","format":"Image","product_category":"Groom Suits","budget":4767.66,"spend":3644.15,"budget_utilization":76.43,"impressions":88300,"clicks":2944,"conversions":237,"revenue":86742,"average_order_value":366,"ctr":3.33,"conversion_rate":8.05,"cpc":1.24,"cpa":15.38,"roas":23.8,"target_demographics":{"age_groups":["18-24","25-34","35-44"],"genders":["Male"],"primary_device":"Mobile"},"demographic_breakdown":[{"age_group":"18-24","gender":"Female","percentage_of_audience":25,"performance":{"impressions":22075,"clicks":736,"conversions":59,"ctr":3.33,"conversion_rate":8.02}},{"age_group":"25-34","gender":"Female","percentage_of_audience":30,"performance":{"impressions":26490,"clicks":883,"conversions":71,"ctr":3.33,"conversion_rate":8.04}},{"age_group":"35-44","gender":"Female","percentage_of_audience":20,"performance":{"impressions":17660,"clicks":589,"conversions":47,"ctr":3.34,"conversion_rate":7.98}},{"age_group":"18-24","gender":"Male","percentage_of_audience":8,"performance":{"impressions":7064,"clicks":236,"conversions":19,"ctr":3.34,"conversion_rate":8.05}},{"age_group":"25-34","gender":"Male","percentage_of_audience":12,"performance":{"impressions":10596,"clicks":353,"conversions":28,"ctr":3.33,"conversion_rate":7.93}},{"age_group":"35-44","gender":"Male","percentage_of_audience":5,"performance":{"impressions":4415,"clicks":147,"conversions":12,"ctr":3.33,"conversion_rate":8.16}}],"device_performance":[{"device":"Mobile","impressions":66225,"clicks":2208,"conversions":178,"spend":2733.11,"revenue":65056.5,"ctr":3.33,"conversion_rate":8.06,"percentage_of_traffic":75},{"device":"Desktop","impressions":17660,"clicks":589,"conversions":47,"spend":728.83,"revenue":17348.4,"ctr":3.34,"conversion_rate":7.98,"percentage_of_traffic":20},{"device":"Tablet","impressions":4415,"clicks":147,"conversions":12,"spend":182.21,"revenue":4337.1,"ctr":3.33,"conversion_rate":8.16,"percentage_of_traffic":5}],"weekly_performance":[{"week_start":"2024-10-01","week_end":"2024-10-07","impressions":8751,"clicks":292,"conversions":23,"spend":361.16,"revenue":8596.67},{"week_start":"2024-10-08","week_end":"2024-10-14","impressions":10507,"clicks":350,"conversions":28,"spend":433.64,"revenue":10322.06},{"week_start":"2024-10-15","week_end":"2024-10-21","impressions":7071,"clicks":236,"conversions":19,"spend":291.8,"revenue":6945.85},{"week_start":"2024-10-22","week_end":"2024-10-28","impressions":10409,"clicks":347,"conversions":28,"spend":429.6,"revenue":10225.75},{"week_start":"2024-10-29","week_end":"2024-11-04","impressions":10531,"clicks":351,"conversions":28,"spend":434.6,"revenue":10344.83},{"week_start":"2024-11-05","week_end":"2024-11-11","impressions":9571,"clicks":319,"conversions":26,"spend":394.98,"revenue":9401.85},{"week_start":"2024-11-12","week_end":"2024-11-18","impressions":8722,"clicks":291,"conversions":23,"spend":359.97,"revenue":8568.42},{"week_start":"2024-11-19","week_end":"2024-11-25","impressions":8424,"clicks":281,"conversions":23,"spend":347.67,"revenue":8275.6},{"week_start":"2024-11-26","week_end":"2024-12-02","impressions":12005,"clicks":400,"conversions":32,"spend":495.47,"revenue":11793.6},{"week_start":"2024-12-03","week_end":"2024-12-09","impressions":12214,"clicks":407,"conversions":33,"spend":504.07,"revenue":11998.44},{"week_start":"2024-12-10","week_end":"2024-12-16","impressions":12047,"clicks":402,"conversions":32,"spend":497.2,"revenue":11834.78},{"week_start":"2024-12-17","week_end":"2024-12-23","impressions":11561,"clicks":385,"conversions":31,"spend":477.12,"revenue":11356.89}],"regional_performance":[{"region":"Abu Dhabi","country":"UAE","impressions":30905,"clicks":1030,"conversions":83,"spend":1275.45,"revenue":30359.7,"ctr":3.33,"conversion_rate":8.06,"cpc":1.24,"cpa":15.37,"roas":23.8},{"region":"Dubai","country":"UAE","impressions":26490,"clicks":883,"conversions":71,"spend":1093.25,"revenue":26022.6,"ctr":3.33,"conversion_rate":8.04,"cpc":1.24,"cpa":15.4,"roas":23.8},{"region":"Sharjah","country":"UAE","impressions":13245,"clicks":442,"conversions":36,"spend":546.62,"revenue":13011.3,"ctr":3.34,"conversion_rate":8.14,"cpc":1.24,"cpa":15.18,"roas":23.8},{"region":"Riyadh","country":"Saudi Arabia","impressions":7064,"clicks":236,"conversions":19,"spend":291.53,"revenue":6939.36,"ctr":3.34,"conversion_rate":8.05,"cpc":1.24,"cpa":15.34,"roas":23.8},{"region":"Doha","country":"Qatar","impressions":5298,"clicks":177,"conversions":14,"spend":218.65,"revenue":5204.52,"ctr":3.34,"conversion_rate":7.91,"cpc":1.24,"cpa":15.62,"roas":23.8},{"region":"Kuwait City","country":"Kuwait","impressions":3532,"clicks":118,"conversions":9,"spend":145.77,"revenue":3469.68,"ctr":3.34,"conversion_rate":7.63,"cpc":1.24,"cpa":16.2,"roas":23.8},{"region":"Manama","country":"Bahrain","impressions":1766,"clicks":59,"conversions":5,"spend":72.88,"revenue":1734.84,"ctr":3.34,"conversion_rate":8.47,"cpc":1.24,"cpa":14.58,"roas":23.8}],"creatives":[{"id":1201,"name":"Image Creative 1","format":"Image","url":"/assets/campaigns/campaign_12_creative_1.jpg","performance_score":5.1,"is_primary":true,"impressions":47765,"clicks":1423,"ctr":2.98,"a_b_test_variant":"A"},{"id":1202,"name":"Image Creative 2","format":"Image","url":"/assets/campaigns/campaign_12_creative_2.jpg","performance_score":7.2,"is_primary":false,"impressions":51607,"clicks":1560,"ctr":3.02,"a_b_test_variant":"B"}],"timeline":{"start_date":"2024-11-08","created_date":"2024-11-01","last_updated":"2025-09-17"},"targeting":{"regions":["Abu Dhabi","Dubai","Sharjah","Riyadh","Doha"],"interests":["Wedding planning","Traditional fashion","Student celebrations","Cultural weddings","Islamic wedding customs","Family celebrations","Thobe fashion","Ceremonial wear","Student groom attire","Traditional menswear","Arabic formal wear","Cultural groom traditions"],"behaviors":["Wedding planning","Value shoppers","Student discount seekers","Fashion enthusiasts","Sale browsers","Student shoppers","Family celebration planners"],"custom_audiences":["Traditional wedding visitors","Student newsletter subscribers","Previous customers","Wedding planners lookalike","Sale browsers","Student fashion shoppers"]}},{"id":13,"name":"Matching Thobe Groomsmen Sets","status":"Completed","objective":"Conversions","medium":"Instagram","format":"Video","product_category":"Groomsmen Attire","budget":1865.31,"spend":1613.86,"budget_utilization":86.52,"impressions":77220,"clicks":2244,"conversions":173,"revenue":62972,"average_order_value":364,"ctr":2.91,"conversion_rate":7.71,"cpc":0.72,"cpa":9.33,"roas":39.02,"target_demographics":{"age_groups":["18-24","25-34","35-44"],"genders":["Male"],"primary_device":"Mobile"},"demographic_breakdown":[{"age_group":"18-24","gender":"Female","percentage_of_audience":25,"performance":{"impressions":19305,"clicks":561,"conversions":43,"ctr":2.91,"conversion_rate":7.66}},{"age_group":"25-34","gender":"Female","percentage_of_audience":30,"performance":{"impressions":23166,"clicks":673,"conversions":52,"ctr":2.91,"conversion_rate":7.73}},{"age_group":"35-44","gender":"Female","percentage_of_audience":20,"performance":{"impressions":15444,"clicks":449,"conversions":35,"ctr":2.91,"conversion_rate":7.8}},{"age_group":"18-24","gender":"Male","percentage_of_audience":8,"performance":{"impressions":6178,"clicks":180,"conversions":14,"ctr":2.91,"conversion_rate":7.78}},{"age_group":"25-34","gender":"Male","percentage_of_audience":12,"performance":{"impressions":9266,"clicks":269,"conversions":21,"ctr":2.9,"conversion_rate":7.81}},{"age_group":"35-44","gender":"Male","percentage_of_audience":5,"performance":{"impressions":3861,"clicks":112,"conversions":9,"ctr":2.9,"conversion_rate":8.04}}],"device_performance":[{"device":"Mobile","impressions":57915,"clicks":1683,"conversions":130,"spend":1210.39,"revenue":47229,"ctr":2.91,"conversion_rate":7.72,"percentage_of_traffic":75},{"device":"Desktop","impressions":15444,"clicks":449,"conversions":35,"spend":322.77,"revenue":12594.4,"ctr":2.91,"conversion_rate":7.8,"percentage_of_traffic":20},{"device":"Tablet","impressions":3861,"clicks":112,"conversions":9,"spend":80.69,"revenue":3148.6,"ctr":2.9,"conversion_rate":8.04,"percentage_of_traffic":5}],"weekly_performance":[{"week_start":"2024-10-01","week_end":"2024-10-07","impressions":9204,"clicks":267,"conversions":21,"spend":192.36,"revenue":7505.76},{"week_start":"2024-10-08","week_end":"2024-10-14","impressions":9015,"clicks":262,"conversions":20,"spend":188.41,"revenue":7351.84},{"week_start":"2024-10-15","week_end":"2024-10-21","impressions":8779,"clicks":255,"conversions":20,"spend":183.49,"revenue":7159.58},{"week_start":"2024-10-22","week_end":"2024-10-28","impressions":8534,"clicks":248,"conversions":19,"spend":178.36,"revenue":6959.54},{"week_start":"2024-10-29","week_end":"2024-11-04","impressions":8804,"clicks":256,"conversions":20,"spend":183.99,"revenue":7179.2},{"week_start":"2024-11-05","week_end":"2024-11-11","impressions":7873,"clicks":229,"conversions":18,"spend":164.54,"revenue":6420.35},{"week_start":"2024-11-12","week_end":"2024-11-18","impressions":9238,"clicks":268,"conversions":21,"spend":193.06,"revenue":7533.18},{"week_start":"2024-11-19","week_end":"2024-11-25","impressions":8346,"clicks":243,"conversions":19,"spend":174.43,"revenue":6806.23},{"week_start":"2024-11-26","week_end":"2024-12-02","impressions":11321,"clicks":329,"conversions":25,"spend":236.61,"revenue":9232.33},{"week_start":"2024-12-03","week_end":"2024-12-09","impressions":8467,"clicks":246,"conversions":19,"spend":176.96,"revenue":6905.01},{"week_start":"2024-12-10","week_end":"2024-12-16","impressions":11255,"clicks":327,"conversions":25,"spend":235.23,"revenue":9178.69},{"week_start":"2024-12-17","week_end":"2024-12-23","impressions":13765,"clicks":400,"conversions":31,"spend":287.68,"revenue":11225.18}],"regional_performance":[{"region":"Abu Dhabi","country":"UAE","impressions":27027,"clicks":785,"conversions":61,"spend":564.85,"revenue":22040.2,"ctr":2.9,"conversion_rate":7.77,"cpc":0.72,"cpa":9.26,"roas":39.02},{"region":"Dubai","country":"UAE","impressions":23166,"clicks":673,"conversions":52,"spend":484.16,"revenue":18891.6,"ctr":2.91,"conversion_rate":7.73,"cpc":0.72,"cpa":9.31,"roas":39.02},{"region":"Sharjah","country":"UAE","impressions":11583,"clicks":337,"conversions":26,"spend":242.08,"revenue":9445.8,"ctr":2.91,"conversion_rate":7.72,"cpc":0.72,"cpa":9.31,"roas":39.02},{"region":"Riyadh","country":"Saudi Arabia","impressions":6178,"clicks":180,"conversions":14,"spend":129.11,"revenue":5037.76,"ctr":2.91,"conversion_rate":7.78,"cpc":0.72,"cpa":9.22,"roas":39.02},{"region":"Doha","country":"Qatar","impressions":4633,"clicks":135,"conversions":10,"spend":96.83,"revenue":3778.32,"ctr":2.91,"conversion_rate":7.41,"cpc":0.72,"cpa":9.68,"roas":39.02},{"region":"Kuwait City","country":"Kuwait","impressions":3089,"clicks":90,"conversions":7,"spend":64.55,"revenue":2518.88,"ctr":2.91,"conversion_rate":7.78,"cpc":0.72,"cpa":9.22,"roas":39.02},{"region":"Manama","country":"Bahrain","impressions":1544,"clicks":45,"conversions":3,"spend":32.28,"revenue":1259.44,"ctr":2.91,"conversion_rate":6.67,"cpc":0.72,"cpa":10.76,"roas":39.02}],"creatives":[{"id":1301,"name":"Video Creative 1","format":"Video","url":"/assets/campaigns/campaign_13_creative_1.jpg","performance_score":6.2,"is_primary":true,"impressions":69510,"clicks":2186,"ctr":3.14}],"timeline":{"start_date":"2024-11-03","end_date":"2024-12-18","created_date":"2024-10-27","last_updated":"2025-09-17"},"targeting":{"regions":["Abu Dhabi","Dubai","Sharjah","Riyadh","Doha"],"interests":["Wedding planning","Traditional fashion","Student celebrations","Cultural weddings","Islamic wedding customs","Family celebrations","Traditional mens attire","Wedding party coordination","Student traditional wear","Cultural menswear","Arabic wedding party"],"behaviors":["Wedding planning","Value shoppers","Student discount seekers","Fashion enthusiasts","Sale browsers","Student shoppers","Family celebration planners"],"custom_audiences":["Traditional wedding visitors","Student newsletter subscribers","Previous customers","Wedding planners lookalike","Sale browsers","Student fashion shoppers"]}},{"id":14,"name":"Kaftan Groomsmen Styles","status":"Active","objective":"Engagement","medium":"TikTok","format":"Reels","product_category":"Groomsmen Attire","budget":1285.34,"spend":935.84,"budget_utilization":72.81,"impressions":85563,"clicks":798,"conversions":33,"revenue":14916,"average_order_value":452,"ctr":0.93,"conversion_rate":4.07,"cpc":1.17,"cpa":28.36,"roas":15.94,"target_demographics":{"age_groups":["18-24","25-34","35-44"],"genders":["Male"],"primary_device":"Mobile"},"demographic_breakdown":[{"age_group":"18-24","gender":"Female","percentage_of_audience":25,"performance":{"impressions":21391,"clicks":200,"conversions":8,"ctr":0.93,"conversion_rate":4}},{"age_group":"25-34","gender":"Female","percentage_of_audience":30,"performance":{"impressions":25669,"clicks":239,"conversions":10,"ctr":0.93,"conversion_rate":4.18}},{"age_group":"35-44","gender":"Female","percentage_of_audience":20,"performance":{"impressions":17113,"clicks":160,"conversions":7,"ctr":0.93,"conversion_rate":4.38}},{"age_group":"18-24","gender":"Male","percentage_of_audience":8,"performance":{"impressions":6845,"clicks":64,"conversions":3,"ctr":0.93,"conversion_rate":4.69}},{"age_group":"25-34","gender":"Male","percentage_of_audience":12,"performance":{"impressions":10268,"clicks":96,"conversions":4,"ctr":0.93,"conversion_rate":4.17}},{"age_group":"35-44","gender":"Male","percentage_of_audience":5,"performance":{"impressions":4278,"clicks":40,"conversions":2,"ctr":0.94,"conversion_rate":5}}],"device_performance":[{"device":"Mobile","impressions":64172,"clicks":599,"conversions":25,"spend":701.88,"revenue":11187,"ctr":0.93,"conversion_rate":4.17,"percentage_of_traffic":75},{"device":"Desktop","impressions":17113,"clicks":160,"conversions":7,"spend":187.17,"revenue":2983.2,"ctr":0.93,"conversion_rate":4.38,"percentage_of_traffic":20},{"device":"Tablet","impressions":4278,"clicks":40,"conversions":2,"spend":46.79,"revenue":745.8,"ctr":0.94,"conversion_rate":5,"percentage_of_traffic":5}],"weekly_performance":[{"week_start":"2024-10-01","week_end":"2024-10-07","impressions":9456,"clicks":88,"conversions":4,"spend":103.42,"revenue":1648.45},{"week_start":"2024-10-08","week_end":"2024-10-14","impressions":7502,"clicks":70,"conversions":3,"spend":82.05,"revenue":1307.77},{"week_start":"2024-10-15","week_end":"2024-10-21","impressions":8451,"clicks":79,"conversions":3,"spend":92.44,"revenue":1473.31},{"week_start":"2024-10-22","week_end":"2024-10-28","impressions":7277,"clicks":68,"conversions":3,"spend":79.59,"revenue":1268.63},{"week_start":"2024-10-29","week_end":"2024-11-04","impressions":9883,"clicks":92,"conversions":4,"spend":108.09,"revenue":1722.88},{"week_start":"2024-11-05","week_end":"2024-11-11","impressions":9869,"clicks":92,"conversions":4,"spend":107.94,"revenue":1720.49},{"week_start":"2024-11-12","week_end":"2024-11-18","impressions":8849,"clicks":83,"conversions":3,"spend":96.79,"revenue":1542.64},{"week_start":"2024-11-19","week_end":"2024-11-25","impressions":8378,"clicks":78,"conversions":3,"spend":91.63,"revenue":1460.52},{"week_start":"2024-11-26","week_end":"2024-12-02","impressions":9121,"clicks":85,"conversions":4,"spend":99.76,"revenue":1590.05},{"week_start":"2024-12-03","week_end":"2024-12-09","impressions":9455,"clicks":88,"conversions":4,"spend":103.42,"revenue":1648.35},{"week_start":"2024-12-10","week_end":"2024-12-16","impressions":13665,"clicks":127,"conversions":5,"spend":149.46,"revenue":2382.18},{"week_start":"2024-12-17","week_end":"2024-12-23","impressions":10616,"clicks":99,"conversions":4,"spend":116.12,"revenue":1850.72}],"regional_performance":[{"region":"Abu Dhabi","country":"UAE","impressions":29947,"clicks":279,"conversions":12,"spend":327.54,"revenue":5220.6,"ctr":0.93,"conversion_rate":4.3,"cpc":1.17,"cpa":27.3,"roas":15.94},{"region":"Dubai","country":"UAE","impressions":25669,"clicks":239,"conversions":10,"spend":280.75,"revenue":4474.8,"ctr":0.93,"conversion_rate":4.18,"cpc":1.17,"cpa":28.08,"roas":15.94},{"region":"Sharjah","country":"UAE","impressions":12834,"clicks":120,"conversions":5,"spend":140.38,"revenue":2237.4,"ctr":0.94,"conversion_rate":4.17,"cpc":1.17,"cpa":28.08,"roas":15.94},{"region":"Riyadh","country":"Saudi Arabia","impressions":6845,"clicks":64,"conversions":3,"spend":74.87,"revenue":1193.28,"ctr":0.93,"conversion_rate":4.69,"cpc":1.17,"cpa":24.96,"roas":15.94},{"region":"Doha","country":"Qatar","impressions":5134,"clicks":48,"conversions":2,"spend":56.15,"revenue":894.96,"ctr":0.93,"conversion_rate":4.17,"cpc":1.17,"cpa":28.08,"roas":15.94},{"region":"Kuwait City","country":"Kuwait","impressions":3423,"clicks":32,"conversions":1,"spend":37.43,"revenue":596.64,"ctr":0.93,"conversion_rate":3.13,"cpc":1.17,"cpa":37.43,"roas":15.94},{"region":"Manama","country":"Bahrain","impressions":1711,"clicks":16,"conversions":1,"spend":18.72,"revenue":298.32,"ctr":0.94,"conversion_rate":6.25,"cpc":1.17,"cpa":18.72,"roas":15.94}],"creatives":[{"id":1401,"name":"Reels Creative 1","format":"Reels","url":"/assets/campaigns/campaign_14_creative_1.jpg","performance_score":7.6,"is_primary":true,"impressions":27900,"clicks":269,"ctr":0.96,"a_b_test_variant":"A"},{"id":1402,"name":"Reels Creative 2","format":"Reels","url":"/assets/campaigns/campaign_14_creative_2.jpg","performance_score":8.2,"is_primary":false,"impressions":24154,"clicks":307,"ctr":1.27,"a_b_test_variant":"B"},{"id":1403,"name":"Reels Creative 3","format":"Reels","url":"/assets/campaigns/campaign_14_creative_3.jpg","performance_score":8.3,"is_primary":false,"impressions":31320,"clicks":302,"ctr":0.96,"a_b_test_variant":"C"}],"timeline":{"start_date":"2024-10-24","created_date":"2024-10-17","last_updated":"2025-09-17"},"targeting":{"regions":["Abu Dhabi","Dubai","Sharjah","Riyadh","Doha"],"interests":["Wedding planning","Traditional fashion","Student celebrations","Cultural weddings","Islamic wedding customs","Family celebrations","Traditional mens attire","Wedding party coordination","Student traditional wear","Cultural menswear","Arabic wedding party"],"behaviors":["Wedding planning","Value shoppers","Student discount seekers","Fashion enthusiasts","Sale browsers","Student shoppers","Family celebration planners"],"custom_audiences":["Traditional wedding visitors","Student newsletter subscribers","Previous customers","Wedding planners lookalike","Sale browsers","Student fashion shoppers"]}},{"id":15,"name":"Jordanian Wedding Attire for Men","status":"Active","objective":"Brand Awareness","medium":"Facebook","format":"Image","product_category":"Groomsmen Attire","budget":1516.09,"spend":1284.56,"budget_utilization":84.73,"impressions":172132,"clicks":3532,"conversions":57,"revenue":23142,"average_order_value":406,"ctr":2.05,"conversion_rate":1.61,"cpc":0.36,"cpa":22.54,"roas":18.02,"target_demographics":{"age_groups":["18-24","25-34","35-44"],"genders":["Male"],"primary_device":"Mobile"},"demographic_breakdown":[{"age_group":"18-24","gender":"Female","percentage_of_audience":25,"performance":{"impressions":43033,"clicks":883,"conversions":14,"ctr":2.05,"conversion_rate":1.59}},{"age_group":"25-34","gender":"Female","percentage_of_audience":30,"performance":{"impressions":51639,"clicks":1060,"conversions":17,"ctr":2.05,"conversion_rate":1.6}},{"age_group":"35-44","gender":"Female","percentage_of_audience":20,"performance":{"impressions":34426,"clicks":706,"conversions":11,"ctr":2.05,"conversion_rate":1.56}},{"age_group":"18-24","gender":"Male","percentage_of_audience":8,"performance":{"impressions":13771,"clicks":283,"conversions":5,"ctr":2.06,"conversion_rate":1.77}},{"age_group":"25-34","gender":"Male","percentage_of_audience":12,"performance":{"impressions":20656,"clicks":424,"conversions":7,"ctr":2.05,"conversion_rate":1.65}},{"age_group":"35-44","gender":"Male","percentage_of_audience":5,"performance":{"impressions":8607,"clicks":177,"conversions":3,"ctr":2.06,"conversion_rate":1.69}}],"device_performance":[{"device":"Mobile","impressions":129099,"clicks":2649,"conversions":43,"spend":963.42,"revenue":17356.5,"ctr":2.05,"conversion_rate":1.62,"percentage_of_traffic":75},{"device":"Desktop","impressions":34426,"clicks":706,"conversions":11,"spend":256.91,"revenue":4628.4,"ctr":2.05,"conversion_rate":1.56,"percentage_of_traffic":20},{"device":"Tablet","impressions":8607,"clicks":177,"conversions":3,"spend":64.23,"revenue":1157.1,"ctr":2.06,"conversion_rate":1.69,"percentage_of_traffic":5}],"weekly_performance":[{"week_start":"2024-10-01","week_end":"2024-10-07","impressions":14783,"clicks":303,"conversions":5,"spend":110.32,"revenue":1987.43},{"week_start":"2024-10-08","week_end":"2024-10-14","impressions":17363,"clicks":356,"conversions":6,"spend":129.57,"revenue":2334.3},{"week_start":"2024-10-15","week_end":"2024-10-21","impressions":15091,"clicks":310,"conversions":5,"spend":112.62,"revenue":2028.84},{"week_start":"2024-10-22","week_end":"2024-10-28","impressions":18379,"clicks":377,"conversions":6,"spend":137.16,"revenue":2470.98},{"week_start":"2024-10-29","week_end":"2024-11-04","impressions":17518,"clicks":359,"conversions":6,"spend":130.73,"revenue":2355.21},{"week_start":"2024-11-05","week_end":"2024-11-11","impressions":19621,"clicks":403,"conversions":6,"spend":146.43,"revenue":2637.96},{"week_start":"2024-11-12","week_end":"2024-11-18","impressions":17793,"clicks":365,"conversions":6,"spend":132.79,"revenue":2392.21},{"week_start":"2024-11-19","week_end":"2024-11-25","impressions":17641,"clicks":362,"conversions":6,"spend":131.65,"revenue":2371.75},{"week_start":"2024-11-26","week_end":"2024-12-02","impressions":23777,"clicks":488,"conversions":8,"spend":177.44,"revenue":3196.68},{"week_start":"2024-12-03","week_end":"2024-12-09","impressions":24215,"clicks":497,"conversions":8,"spend":180.71,"revenue":3255.6},{"week_start":"2024-12-10","week_end":"2024-12-16","impressions":28316,"clicks":581,"conversions":9,"spend":211.31,"revenue":3806.89},{"week_start":"2024-12-17","week_end":"2024-12-23","impressions":23913,"clicks":491,"conversions":8,"spend":178.45,"revenue":3214.89}],"regional_performance":[{"region":"Abu Dhabi","country":"UAE","impressions":60246,"clicks":1236,"conversions":20,"spend":449.6,"revenue":8099.7,"ctr":2.05,"conversion_rate":1.62,"cpc":0.36,"cpa":22.48,"roas":18.02},{"region":"Dubai","country":"UAE","impressions":51639,"clicks":1060,"conversions":17,"spend":385.37,"revenue":6942.6,"ctr":2.05,"conversion_rate":1.6,"cpc":0.36,"cpa":22.67,"roas":18.02},{"region":"Sharjah","country":"UAE","impressions":25820,"clicks":530,"conversions":9,"spend":192.68,"revenue":3471.3,"ctr":2.05,"conversion_rate":1.7,"cpc":0.36,"cpa":21.41,"roas":18.02},{"region":"Riyadh","country":"Saudi Arabia","impressions":13771,"clicks":283,"conversions":5,"spend":102.76,"revenue":1851.36,"ctr":2.06,"conversion_rate":1.77,"cpc":0.36,"cpa":20.55,"roas":18.02},{"region":"Doha","country":"Qatar","impressions":10328,"clicks":212,"conversions":3,"spend":77.07,"revenue":1388.52,"ctr":2.05,"conversion_rate":1.42,"cpc":0.36,"cpa":25.69,"roas":18.02},{"region":"Kuwait City","country":"Kuwait","impressions":6885,"clicks":141,"conversions":2,"spend":51.38,"revenue":925.68,"ctr":2.05,"conversion_rate":1.42,"cpc":0.36,"cpa":25.69,"roas":18.02},{"region":"Manama","country":"Bahrain","impressions":3443,"clicks":71,"conversions":1,"spend":25.69,"revenue":462.84,"ctr":2.06,"conversion_rate":1.41,"cpc":0.36,"cpa":25.69,"roas":18.02}],"creatives":[{"id":1501,"name":"Image Creative 1","format":"Image","url":"/assets/campaigns/campaign_15_creative_1.jpg","performance_score":6.7,"is_primary":true,"impressions":53270,"clicks":1387,"ctr":2.6,"a_b_test_variant":"A"},{"id":1502,"name":"Image Creative 2","format":"Image","url":"/assets/campaigns/campaign_15_creative_2.jpg","performance_score":6.6,"is_primary":false,"impressions":62007,"clicks":1376,"ctr":2.22,"a_b_test_variant":"B"},{"id":1503,"name":"Image Creative 3","format":"Image","url":"/assets/campaigns/campaign_15_creative_3.jpg","performance_score":6.2,"is_primary":false,"impressions":55078,"clicks":1326,"ctr":2.41,"a_b_test_variant":"C"}],"timeline":{"start_date":"2024-10-05","created_date":"2024-09-28","last_updated":"2025-09-17"},"targeting":{"regions":["Abu Dhabi","Dubai","Sharjah","Riyadh","Doha"],"interests":["Wedding planning","Traditional fashion","Student celebrations","Cultural weddings","Islamic wedding customs","Family celebrations","Traditional mens attire","Wedding party coordination","Student traditional wear","Cultural menswear","Arabic wedding party"],"behaviors":["Wedding planning","Value shoppers","Student discount seekers","Fashion enthusiasts","Sale browsers","Student shoppers","Family celebration planners"],"custom_audiences":["Traditional wedding visitors","Student newsletter subscribers","Previous customers","Wedding planners lookalike","Sale browsers","Student fashion shoppers"]}},{"id":16,"name":"Bridal Hijab Collection","status":"Active","objective":"Conversions","medium":"Instagram","format":"Carousel","product_category":"Accessories","budget":16634.58,"spend":12044.4,"budget_utilization":72.41,"impressions":292581,"clicks":10016,"conversions":983,"revenue":418758,"average_order_value":426,"ctr":3.42,"conversion_rate":9.82,"cpc":1.2,"cpa":12.25,"roas":34.77,"target_demographics":{"age_groups":["18-24","25-34","35-44"],"genders":["Female","Male"],"primary_device":"Mobile"},"demographic_breakdown":[{"age_group":"18-24","gender":"Female","percentage_of_audience":25,"performance":{"impressions":73145,"clicks":2504,"conversions":246,"ctr":3.42,"conversion_rate":9.82}},{"age_group":"25-34","gender":"Female","percentage_of_audience":30,"performance":{"impressions":87774,"clicks":3005,"conversions":295,"ctr":3.42,"conversion_rate":9.82}},{"age_group":"35-44","gender":"Female","percentage_of_audience":20,"performance":{"impressions":58516,"clicks":2003,"conversions":197,"ctr":3.42,"conversion_rate":9.84}},{"age_group":"18-24","gender":"Male","percentage_of_audience":8,"performance":{"impressions":23406,"clicks":801,"conversions":79,"ctr":3.42,"conversion_rate":9.86}},{"age_group":"25-34","gender":"Male","percentage_of_audience":12,"performance":{"impressions":35110,"clicks":1202,"conversions":118,"ctr":3.42,"conversion_rate":9.82}},{"age_group":"35-44","gender":"Male","percentage_of_audience":5,"performance":{"impressions":14629,"clicks":501,"conversions":49,"ctr":3.42,"conversion_rate":9.78}}],"device_performance":[{"device":"Mobile","impressions":219436,"clicks":7512,"conversions":737,"spend":9033.3,"revenue":314068.5,"ctr":3.42,"conversion_rate":9.81,"percentage_of_traffic":75},{"device":"Desktop","impressions":58516,"clicks":2003,"conversions":197,"spend":2408.88,"revenue":83751.6,"ctr":3.42,"conversion_rate":9.84,"percentage_of_traffic":20},{"device":"Tablet","impressions":14629,"clicks":501,"conversions":49,"spend":602.22,"revenue":20937.9,"ctr":3.42,"conversion_rate":9.78,"percentage_of_traffic":5}],"weekly_performance":[{"week_start":"2024-10-01","week_end":"2024-10-07","impressions":26197,"clicks":897,"conversions":88,"spend":1078.45,"revenue":37495.25},{"week_start":"2024-10-08","week_end":"2024-10-14","impressions":33600,"clicks":1150,"conversions":113,"spend":1383.17,"revenue":48089.73},{"week_start":"2024-10-15","week_end":"2024-10-21","impressions":34857,"clicks":1193,"conversions":117,"spend":1434.94,"revenue":49889.95},{"week_start":"2024-10-22","week_end":"2024-10-28","impressions":30836,"clicks":1056,"conversions":104,"spend":1269.4,"revenue":44134.46},{"week_start":"2024-10-29","week_end":"2024-11-04","impressions":30197,"clicks":1034,"conversions":101,"spend":1243.11,"revenue":43220.21},{"week_start":"2024-11-05","week_end":"2024-11-11","impressions":32473,"clicks":1112,"conversions":109,"spend":1336.77,"revenue":46476.7},{"week_start":"2024-11-12","week_end":"2024-11-18","impressions":34556,"clicks":1183,"conversions":116,"spend":1422.52,"revenue":49457.93},{"week_start":"2024-11-19","week_end":"2024-11-25","impressions":24716,"clicks":846,"conversions":83,"spend":1017.46,"revenue":35375.06},{"week_start":"2024-11-26","week_end":"2024-12-02","impressions":30945,"clicks":1059,"conversions":104,"spend":1273.89,"revenue":44290.26},{"week_start":"2024-12-03","week_end":"2024-12-09","impressions":38335,"clicks":1312,"conversions":129,"spend":1578.1,"revenue":54867.08},{"week_start":"2024-12-10","week_end":"2024-12-16","impressions":44636,"clicks":1528,"conversions":150,"spend":1837.49,"revenue":63885.76},{"week_start":"2024-12-17","week_end":"2024-12-23","impressions":48139,"clicks":1648,"conversions":162,"spend":1981.7,"revenue":68899.43}],"regional_performance":[{"region":"Abu Dhabi","country":"UAE","impressions":102403,"clicks":3506,"conversions":344,"spend":4215.54,"revenue":146565.3,"ctr":3.42,"conversion_rate":9.81,"cpc":1.2,"cpa":12.25,"roas":34.77},{"region":"Dubai","country":"UAE","impressions":87774,"clicks":3005,"conversions":295,"spend":3613.32,"revenue":125627.4,"ctr":3.42,"conversion_rate":9.82,"cpc":1.2,"cpa":12.25,"roas":34.77},{"region":"Sharjah","country":"UAE","impressions":43887,"clicks":1502,"conversions":147,"spend":1806.66,"revenue":62813.7,"ctr":3.42,"conversion_rate":9.79,"cpc":1.2,"cpa":12.29,"roas":34.77},{"region":"Riyadh","country":"Saudi Arabia","impressions":23406,"clicks":801,"conversions":79,"spend":963.55,"revenue":33500.64,"ctr":3.42,"conversion_rate":9.86,"cpc":1.2,"cpa":12.2,"roas":34.77},{"region":"Doha","country":"Qatar","impressions":17555,"clicks":601,"conversions":59,"spend":722.66,"revenue":25125.48,"ctr":3.42,"conversion_rate":9.82,"cpc":1.2,"cpa":12.25,"roas":34.77},{"region":"Kuwait City","country":"Kuwait","impressions":11703,"clicks":401,"conversions":39,"spend":481.78,"revenue":16750.32,"ctr":3.43,"conversion_rate":9.73,"cpc":1.2,"cpa":12.35,"roas":34.77},{"region":"Manama","country":"Bahrain","impressions":5852,"clicks":200,"conversions":20,"spend":240.89,"revenue":8375.16,"ctr":3.42,"conversion_rate":10,"cpc":1.2,"cpa":12.04,"roas":34.77}],"creatives":[{"id":1601,"name":"Carousel Creative 1","format":"Carousel","url":"/assets/campaigns/campaign_16_creative_1.jpg","performance_score":8.9,"is_primary":true,"impressions":99775,"clicks":3352,"ctr":3.36,"a_b_test_variant":"A"},{"id":1602,"name":"Carousel Creative 2","format":"Carousel","url":"/assets/campaigns/campaign_16_creative_2.jpg","performance_score":8.6,"is_primary":false,"impressions":114201,"clicks":3414,"ctr":2.99,"a_b_test_variant":"B"},{"id":1603,"name":"Carousel Creative 3","format":"Carousel","url":"/assets/campaigns/campaign_16_creative_3.jpg","performance_score":8.9,"is_primary":false,"impressions":111094,"clicks":2992,"ctr":2.69,"a_b_test_variant":"C"}],"timeline":{"start_date":"2024-11-27","created_date":"2024-11-20","last_updated":"2025-09-17"},"targeting":{"regions":["Abu Dhabi","Dubai","Sharjah","Riyadh","Doha"],"interests":["Wedding planning","Traditional fashion","Student celebrations","Cultural weddings","Islamic wedding customs","Family celebrations","Hijab fashion","Traditional headpieces","Student wedding accessories","Agal & ghutra","Cultural accessories","Bridal hijab"],"behaviors":["Wedding planning","Value shoppers","Student discount seekers","Fashion enthusiasts","Sale browsers","Student shoppers","Family celebration planners"],"custom_audiences":["Traditional wedding visitors","Student newsletter subscribers","Previous customers","Wedding planners lookalike","Sale browsers","Student fashion shoppers"]}},{"id":17,"name":"Khussa Wedding Shoes - Traditional","status":"Active","objective":"Traffic","medium":"Google Ads","format":"Image","product_category":"Accessories","budget":1591.6,"spend":1218.67,"budget_utilization":76.57,"impressions":50822,"clicks":2113,"conversions":67,"revenue":11859,"average_order_value":177,"ctr":4.16,"conversion_rate":3.15,"cpc":0.58,"cpa":18.19,"roas":9.73,"target_demographics":{"age_groups":["18-24","25-34","35-44"],"genders":["Female","Male"],"primary_device":"Mobile"},"demographic_breakdown":[{"age_group":"18-24","gender":"Female","percentage_of_audience":25,"performance":{"impressions":12706,"clicks":528,"conversions":17,"ctr":4.16,"conversion_rate":3.22}},{"age_group":"25-34","gender":"Female","percentage_of_audience":30,"performance":{"impressions":15247,"clicks":634,"conversions":20,"ctr":4.16,"conversion_rate":3.15}},{"age_group":"35-44","gender":"Female","percentage_of_audience":20,"performance":{"impressions":10164,"clicks":423,"conversions":13,"ctr":4.16,"conversion_rate":3.07}},{"age_group":"18-24","gender":"Male","percentage_of_audience":8,"performance":{"impressions":4066,"clicks":169,"conversions":5,"ctr":4.16,"conversion_rate":2.96}},{"age_group":"25-34","gender":"Male","percentage_of_audience":12,"performance":{"impressions":6099,"clicks":254,"conversions":8,"ctr":4.16,"conversion_rate":3.15}},{"age_group":"35-44","gender":"Male","percentage_of_audience":5,"performance":{"impressions":2541,"clicks":106,"conversions":3,"ctr":4.17,"conversion_rate":2.83}}],"device_performance":[{"device":"Mobile","impressions":38117,"clicks":1585,"conversions":50,"spend":914,"revenue":8894.25,"ctr":4.16,"conversion_rate":3.15,"percentage_of_traffic":75},{"device":"Desktop","impressions":10164,"clicks":423,"conversions":13,"spend":243.73,"revenue":2371.8,"ctr":4.16,"conversion_rate":3.07,"percentage_of_traffic":20},{"device":"Tablet","impressions":2541,"clicks":106,"conversions":3,"spend":60.93,"revenue":592.95,"ctr":4.17,"conversion_rate":2.83,"percentage_of_traffic":5}],"weekly_performance":[{"week_start":"2024-10-01","week_end":"2024-10-07","impressions":4210,"clicks":175,"conversions":6,"spend":100.95,"revenue":982.32},{"week_start":"2024-10-08","week_end":"2024-10-14","impressions":4649,"clicks":193,"conversions":6,"spend":111.49,"revenue":1084.91},{"week_start":"2024-10-15","week_end":"2024-10-21","impressions":5905,"clicks":245,"conversions":8,"spend":141.59,"revenue":1377.79},{"week_start":"2024-10-22","week_end":"2024-10-28","impressions":4092,"clicks":170,"conversions":5,"spend":98.13,"revenue":954.95},{"week_start":"2024-10-29","week_end":"2024-11-04","impressions":5312,"clicks":221,"conversions":7,"spend":127.38,"revenue":1239.53},{"week_start":"2024-11-05","week_end":"2024-11-11","impressions":4321,"clicks":180,"conversions":6,"spend":103.61,"revenue":1008.2},{"week_start":"2024-11-12","week_end":"2024-11-18","impressions":6061,"clicks":252,"conversions":8,"spend":145.34,"revenue":1414.3},{"week_start":"2024-11-19","week_end":"2024-11-25","impressions":5846,"clicks":243,"conversions":8,"spend":140.19,"revenue":1364.17},{"week_start":"2024-11-26","week_end":"2024-12-02","impressions":7207,"clicks":300,"conversions":10,"spend":172.82,"revenue":1681.69},{"week_start":"2024-12-03","week_end":"2024-12-09","impressions":6584,"clicks":274,"conversions":9,"spend":157.88,"revenue":1536.31},{"week_start":"2024-12-10","week_end":"2024-12-16","impressions":6632,"clicks":276,"conversions":9,"spend":159.02,"revenue":1547.42},{"week_start":"2024-12-17","week_end":"2024-12-23","impressions":6107,"clicks":254,"conversions":8,"spend":146.45,"revenue":1425.11}],"regional_performance":[{"region":"Abu Dhabi","country":"UAE","impressions":17788,"clicks":740,"conversions":23,"spend":426.54,"revenue":4150.65,"ctr":4.16,"conversion_rate":3.11,"cpc":0.58,"cpa":18.55,"roas":9.73},{"region":"Dubai","country":"UAE","impressions":15247,"clicks":634,"conversions":20,"spend":365.6,"revenue":3557.7,"ctr":4.16,"conversion_rate":3.15,"cpc":0.58,"cpa":18.28,"roas":9.73},{"region":"Sharjah","country":"UAE","impressions":7623,"clicks":317,"conversions":10,"spend":182.8,"revenue":1778.85,"ctr":4.16,"conversion_rate":3.15,"cpc":0.58,"cpa":18.28,"roas":9.73},{"region":"Riyadh","country":"Saudi Arabia","impressions":4066,"clicks":169,"conversions":5,"spend":97.49,"revenue":948.72,"ctr":4.16,"conversion_rate":2.96,"cpc":0.58,"cpa":19.5,"roas":9.73},{"region":"Doha","country":"Qatar","impressions":3049,"clicks":127,"conversions":4,"spend":73.12,"revenue":711.54,"ctr":4.17,"conversion_rate":3.15,"cpc":0.58,"cpa":18.28,"roas":9.73},{"region":"Kuwait City","country":"Kuwait","impressions":2033,"clicks":85,"conversions":3,"spend":48.75,"revenue":474.36,"ctr":4.18,"conversion_rate":3.53,"cpc":0.57,"cpa":16.25,"roas":9.73},{"region":"Manama","country":"Bahrain","impressions":1016,"clicks":42,"conversions":1,"spend":24.37,"revenue":237.18,"ctr":4.13,"conversion_rate":2.38,"cpc":0.58,"cpa":24.37,"roas":9.73}],"creatives":[{"id":1701,"name":"Image Creative 1","format":"Image","url":"/assets/campaigns/campaign_17_creative_1.jpg","performance_score":5.6,"is_primary":true,"impressions":18850,"clicks":831,"ctr":4.41,"a_b_test_variant":"A"},{"id":1702,"name":"Image Creative 2","format":"Image","url":"/assets/campaigns/campaign_17_creative_2.jpg","performance_score":6.7,"is_primary":false,"impressions":15984,"clicks":627,"ctr":3.92,"a_b_test_variant":"B"},{"id":1703,"name":"Image Creative 3","format":"Image","url":"/assets/campaigns/campaign_17_creative_3.jpg","performance_score":5.6,"is_primary":false,"impressions":16089,"clicks":582,"ctr":3.62,"a_b_test_variant":"C"}],"timeline":{"start_date":"2024-11-28","created_date":"2024-11-21","last_updated":"2025-09-17"},"targeting":{"regions":["Abu Dhabi","Dubai","Sharjah","Riyadh","Doha"],"interests":["Wedding planning","Traditional fashion","Student celebrations","Cultural weddings","Islamic wedding customs","Family celebrations","Hijab fashion","Traditional headpieces","Student wedding accessories","Agal & ghutra","Cultural accessories","Bridal hijab"],"behaviors":["Wedding planning","Value shoppers","Student discount seekers","Fashion enthusiasts","Sale browsers","Student shoppers","Family celebration planners"],"custom_audiences":["Traditional wedding visitors","Student newsletter subscribers","Previous customers","Wedding planners lookalike","Sale browsers","Student fashion shoppers"]}},{"id":18,"name":"Agal & Ghutra Sets - Classic","status":"Active","objective":"Brand Awareness","medium":"LinkedIn","format":"Video","product_category":"Accessories","budget":11638.01,"spend":8488.89,"budget_utilization":72.94,"impressions":183738,"clicks":4154,"conversions":81,"revenue":24705,"average_order_value":305,"ctr":2.26,"conversion_rate":1.96,"cpc":2.04,"cpa":104.8,"roas":2.91,"target_demographics":{"age_groups":["18-24","25-34","35-44"],"genders":["Female","Male"],"primary_device":"Desktop"},"demographic_breakdown":[{"age_group":"18-24","gender":"Female","percentage_of_audience":25,"performance":{"impressions":45935,"clicks":1039,"conversions":20,"ctr":2.26,"conversion_rate":1.92}},{"age_group":"25-34","gender":"Female","percentage_of_audience":30,"performance":{"impressions":55121,"clicks":1246,"conversions":24,"ctr":2.26,"conversion_rate":1.93}},{"age_group":"35-44","gender":"Female","percentage_of_audience":20,"performance":{"impressions":36748,"clicks":831,"conversions":16,"ctr":2.26,"conversion_rate":1.93}},{"age_group":"18-24","gender":"Male","percentage_of_audience":8,"performance":{"impressions":14699,"clicks":332,"conversions":6,"ctr":2.26,"conversion_rate":1.81}},{"age_group":"25-34","gender":"Male","percentage_of_audience":12,"performance":{"impressions":22049,"clicks":498,"conversions":10,"ctr":2.26,"conversion_rate":2.01}},{"age_group":"35-44","gender":"Male","percentage_of_audience":5,"performance":{"impressions":9187,"clicks":208,"conversions":4,"ctr":2.26,"conversion_rate":1.92}}],"device_performance":[{"device":"Mobile","impressions":137804,"clicks":3116,"conversions":61,"spend":6366.67,"revenue":18528.75,"ctr":2.26,"conversion_rate":1.96,"percentage_of_traffic":75},{"device":"Desktop","impressions":36748,"clicks":831,"conversions":16,"spend":1697.78,"revenue":4941,"ctr":2.26,"conversion_rate":1.93,"percentage_of_traffic":20},{"device":"Tablet","impressions":9187,"clicks":208,"conversions":4,"spend":424.44,"revenue":1235.25,"ctr":2.26,"conversion_rate":1.92,"percentage_of_traffic":5}],"weekly_performance":[{"week_start":"2024-10-01","week_end":"2024-10-07","impressions":16439,"clicks":372,"conversions":7,"spend":759.48,"revenue":2210.29},{"week_start":"2024-10-08","week_end":"2024-10-14","impressions":18232,"clicks":412,"conversions":8,"spend":842.34,"revenue":2451.43},{"week_start":"2024-10-15","week_end":"2024-10-21","impressions":20668,"clicks":467,"conversions":9,"spend":954.88,"revenue":2778.96},{"week_start":"2024-10-22","week_end":"2024-10-28","impressions":17078,"clicks":386,"conversions":8,"spend":789.01,"revenue":2296.23},{"week_start":"2024-10-29","week_end":"2024-11-04","impressions":15853,"clicks":358,"conversions":7,"spend":732.43,"revenue":2131.58},{"week_start":"2024-11-05","week_end":"2024-11-11","impressions":16189,"clicks":366,"conversions":7,"spend":747.96,"revenue":2176.77},{"week_start":"2024-11-12","week_end":"2024-11-18","impressions":21199,"clicks":479,"conversions":9,"spend":979.44,"revenue":2850.44},{"week_start":"2024-11-19","week_end":"2024-11-25","impressions":16657,"clicks":377,"conversions":7,"spend":769.55,"revenue":2239.6},{"week_start":"2024-11-26","week_end":"2024-12-02","impressions":26349,"clicks":596,"conversions":12,"spend":1217.37,"revenue":3542.88},{"week_start":"2024-12-03","week_end":"2024-12-09","impressions":28404,"clicks":642,"conversions":13,"spend":1312.3,"revenue":3819.15},{"week_start":"2024-12-10","week_end":"2024-12-16","impressions":22862,"clicks":517,"conversions":10,"spend":1056.26,"revenue":3074},{"week_start":"2024-12-17","week_end":"2024-12-23","impressions":29496,"clicks":667,"conversions":13,"spend":1362.73,"revenue":3965.92}],"regional_performance":[{"region":"Abu Dhabi","country":"UAE","impressions":64308,"clicks":1454,"conversions":28,"spend":2971.11,"revenue":8646.75,"ctr":2.26,"conversion_rate":1.93,"cpc":2.04,"cpa":106.11,"roas":2.91},{"region":"Dubai","country":"UAE","impressions":55121,"clicks":1246,"conversions":24,"spend":2546.67,"revenue":7411.5,"ctr":2.26,"conversion_rate":1.93,"cpc":2.04,"cpa":106.11,"roas":2.91},{"region":"Sharjah","country":"UAE","impressions":27561,"clicks":623,"conversions":12,"spend":1273.33,"revenue":3705.75,"ctr":2.26,"conversion_rate":1.93,"cpc":2.04,"cpa":106.11,"roas":2.91},{"region":"Riyadh","country":"Saudi Arabia","impressions":14699,"clicks":332,"conversions":6,"spend":679.11,"revenue":1976.4,"ctr":2.26,"conversion_rate":1.81,"cpc":2.05,"cpa":113.19,"roas":2.91},{"region":"Doha","country":"Qatar","impressions":11024,"clicks":249,"conversions":5,"spend":509.33,"revenue":1482.3,"ctr":2.26,"conversion_rate":2.01,"cpc":2.05,"cpa":101.87,"roas":2.91},{"region":"Kuwait City","country":"Kuwait","impressions":7350,"clicks":166,"conversions":3,"spend":339.56,"revenue":988.2,"ctr":2.26,"conversion_rate":1.81,"cpc":2.05,"cpa":113.19,"roas":2.91},{"region":"Manama","country":"Bahrain","impressions":3675,"clicks":83,"conversions":2,"spend":169.78,"revenue":494.1,"ctr":2.26,"conversion_rate":2.41,"cpc":2.05,"cpa":84.89,"roas":2.91}],"creatives":[{"id":1801,"name":"Video Creative 1","format":"Video","url":"/assets/campaigns/campaign_18_creative_1.jpg","performance_score":7.2,"is_primary":true,"impressions":71037,"clicks":1344,"ctr":1.89,"a_b_test_variant":"A"},{"id":1802,"name":"Video Creative 2","format":"Video","url":"/assets/campaigns/campaign_18_creative_2.jpg","performance_score":9.6,"is_primary":false,"impressions":55031,"clicks":1268,"ctr":2.3,"a_b_test_variant":"B"},{"id":1803,"name":"Video Creative 3","format":"Video","url":"/assets/campaigns/campaign_18_creative_3.jpg","performance_score":8.8,"is_primary":false,"impressions":72834,"clicks":1257,"ctr":1.73,"a_b_test_variant":"C"}],"timeline":{"start_date":"2024-10-14","created_date":"2024-10-07","last_updated":"2025-09-17"},"targeting":{"regions":["Abu Dhabi","Dubai","Sharjah","Riyadh","Doha"],"interests":["Wedding planning","Traditional fashion","Student celebrations","Cultural weddings","Islamic wedding customs","Family celebrations","Hijab fashion","Traditional headpieces","Student wedding accessories","Agal & ghutra","Cultural accessories","Bridal hijab"],"behaviors":["Wedding planning","Value shoppers","Student discount seekers","Fashion enthusiasts","Sale browsers","Student shoppers","Family celebration planners"],"custom_audiences":["Traditional wedding visitors","Student newsletter subscribers","Previous customers","Wedding planners lookalike","Sale browsers","Student fashion shoppers"]}},{"id":19,"name":"Mother Kaftan Collection","status":"Paused","objective":"Conversions","medium":"Facebook","format":"Collection","product_category":"Mother of Bride/Groom","budget":935.34,"spend":715.94,"budget_utilization":76.54,"impressions":130805,"clicks":2500,"conversions":241,"revenue":50369,"average_order_value":209,"ctr":1.91,"conversion_rate":9.62,"cpc":0.29,"cpa":2.97,"roas":70.35,"target_demographics":{"age_groups":["45-54","55+"],"genders":["Female","Male"],"primary_device":"Mobile"},"demographic_breakdown":[{"age_group":"18-24","gender":"Female","percentage_of_audience":25,"performance":{"impressions":32701,"clicks":625,"conversions":60,"ctr":1.91,"conversion_rate":9.6}},{"age_group":"25-34","gender":"Female","percentage_of_audience":30,"performance":{"impressions":39241,"clicks":750,"conversions":72,"ctr":1.91,"conversion_rate":9.6}},{"age_group":"35-44","gender":"Female","percentage_of_audience":20,"performance":{"impressions":26161,"clicks":500,"conversions":48,"ctr":1.91,"conversion_rate":9.6}},{"age_group":"18-24","gender":"Male","percentage_of_audience":8,"performance":{"impressions":10464,"clicks":200,"conversions":19,"ctr":1.91,"conversion_rate":9.5}},{"age_group":"25-34","gender":"Male","percentage_of_audience":12,"performance":{"impressions":15697,"clicks":300,"conversions":29,"ctr":1.91,"conversion_rate":9.67}},{"age_group":"35-44","gender":"Male","percentage_of_audience":5,"performance":{"impressions":6540,"clicks":125,"conversions":12,"ctr":1.91,"conversion_rate":9.6}}],"device_performance":[{"device":"Mobile","impressions":98104,"clicks":1875,"conversions":181,"spend":536.95,"revenue":37776.75,"ctr":1.91,"conversion_rate":9.65,"percentage_of_traffic":75},{"device":"Desktop","impressions":26161,"clicks":500,"conversions":48,"spend":143.19,"revenue":10073.8,"ctr":1.91,"conversion_rate":9.6,"percentage_of_traffic":20},{"device":"Tablet","impressions":6540,"clicks":125,"conversions":12,"spend":35.8,"revenue":2518.45,"ctr":1.91,"conversion_rate":9.6,"percentage_of_traffic":5}],"weekly_performance":[{"week_start":"2024-10-01","week_end":"2024-10-07","impressions":13393,"clicks":256,"conversions":25,"spend":73.3,"revenue":5157.26},{"week_start":"2024-10-08","week_end":"2024-10-14","impressions":12013,"clicks":230,"conversions":22,"spend":65.75,"revenue":4625.91},{"week_start":"2024-10-15","week_end":"2024-10-21","impressions":13074,"clicks":250,"conversions":24,"spend":71.56,"revenue":5034.37},{"week_start":"2024-10-22","week_end":"2024-10-28","impressions":14895,"clicks":285,"conversions":27,"spend":81.52,"revenue":5735.5},{"week_start":"2024-10-29","week_end":"2024-11-04","impressions":10814,"clicks":207,"conversions":20,"spend":59.19,"revenue":4164.2},{"week_start":"2024-11-05","week_end":"2024-11-11","impressions":15213,"clicks":291,"conversions":28,"spend":83.26,"revenue":5857.92},{"week_start":"2024-11-12","week_end":"2024-11-18","impressions":15023,"clicks":287,"conversions":28,"spend":82.23,"revenue":5785.02},{"week_start":"2024-11-19","week_end":"2024-11-25","impressions":14027,"clicks":268,"conversions":26,"spend":76.77,"revenue":5401.42},{"week_start":"2024-11-26","week_end":"2024-12-02","impressions":18196,"clicks":348,"conversions":34,"spend":99.59,"revenue":7006.6},{"week_start":"2024-12-03","week_end":"2024-12-09","impressions":16045,"clicks":307,"conversions":30,"spend":87.82,"revenue":6178.39},{"week_start":"2024-12-10","week_end":"2024-12-16","impressions":22868,"clicks":437,"conversions":42,"spend":125.16,"revenue":8805.82},{"week_start":"2024-12-17","week_end":"2024-12-23","impressions":18583,"clicks":355,"conversions":34,"spend":101.71,"revenue":7155.83}],"regional_performance":[{"region":"Abu Dhabi","country":"UAE","impressions":45782,"clicks":875,"conversions":84,"spend":250.58,"revenue":17629.15,"ctr":1.91,"conversion_rate":9.6,"cpc":0.29,"cpa":2.98,"roas":70.35},{"region":"Dubai","country":"UAE","impressions":39241,"clicks":750,"conversions":72,"spend":214.78,"revenue":15110.7,"ctr":1.91,"conversion_rate":9.6,"cpc":0.29,"cpa":2.98,"roas":70.35},{"region":"Sharjah","country":"UAE","impressions":19621,"clicks":375,"conversions":36,"spend":107.39,"revenue":7555.35,"ctr":1.91,"conversion_rate":9.6,"cpc":0.29,"cpa":2.98,"roas":70.35},{"region":"Riyadh","country":"Saudi Arabia","impressions":10464,"clicks":200,"conversions":19,"spend":57.27,"revenue":4029.52,"ctr":1.91,"conversion_rate":9.5,"cpc":0.29,"cpa":3.01,"roas":70.36},{"region":"Doha","country":"Qatar","impressions":7848,"clicks":150,"conversions":14,"spend":42.96,"revenue":3022.14,"ctr":1.91,"conversion_rate":9.33,"cpc":0.29,"cpa":3.07,"roas":70.35},{"region":"Kuwait City","country":"Kuwait","impressions":5232,"clicks":100,"conversions":10,"spend":28.64,"revenue":2014.76,"ctr":1.91,"conversion_rate":10,"cpc":0.29,"cpa":2.86,"roas":70.35},{"region":"Manama","country":"Bahrain","impressions":2616,"clicks":50,"conversions":5,"spend":14.32,"revenue":1007.38,"ctr":1.91,"conversion_rate":10,"cpc":0.29,"cpa":2.86,"roas":70.35}],"creatives":[{"id":1901,"name":"Collection Creative 1","format":"Collection","url":"/assets/campaigns/campaign_19_creative_1.jpg","performance_score":9.8,"is_primary":true,"impressions":72919,"clicks":1040,"ctr":1.43,"a_b_test_variant":"A"},{"id":1902,"name":"Collection Creative 2","format":"Collection","url":"/assets/campaigns/campaign_19_creative_2.jpg","performance_score":5.4,"is_primary":false,"impressions":62123,"clicks":1037,"ctr":1.67,"a_b_test_variant":"B"}],"timeline":{"start_date":"2024-11-17","created_date":"2024-11-10","last_updated":"2025-09-17"},"targeting":{"regions":["Abu Dhabi","Dubai","Sharjah","Riyadh","Doha"],"interests":["Wedding planning","Traditional fashion","Student celebrations","Cultural weddings","Islamic wedding customs","Family celebrations","Family celebration attire","Modest fashion","Student family wear","Traditional formal dresses","Wedding guest fashion"],"behaviors":["Wedding planning","Value shoppers","Student discount seekers","Fashion enthusiasts","Sale browsers","Student shoppers","Family celebration planners"],"custom_audiences":["Traditional wedding visitors","Student newsletter subscribers","Previous customers","Wedding planners lookalike","Sale browsers","Student fashion shoppers"]}},{"id":20,"name":"Embroidered Mother Dresses","status":"Active","objective":"Brand Awareness","medium":"Instagram","format":"Image","product_category":"Mother of Bride/Groom","budget":1875.92,"spend":1670.19,"budget_utilization":89.03,"impressions":220943,"clicks":2138,"conversions":41,"revenue":17466,"average_order_value":426,"ctr":0.97,"conversion_rate":1.91,"cpc":0.78,"cpa":40.74,"roas":10.46,"target_demographics":{"age_groups":["45-54","55+"],"genders":["Female","Male"],"primary_device":"Mobile"},"demographic_breakdown":[{"age_group":"18-24","gender":"Female","percentage_of_audience":25,"performance":{"impressions":55236,"clicks":535,"conversions":10,"ctr":0.97,"conversion_rate":1.87}},{"age_group":"25-34","gender":"Female","percentage_of_audience":30,"performance":{"impressions":66283,"clicks":641,"conversions":12,"ctr":0.97,"conversion_rate":1.87}},{"age_group":"35-44","gender":"Female","percentage_of_audience":20,"performance":{"impressions":44189,"clicks":428,"conversions":8,"ctr":0.97,"conversion_rate":1.87}},{"age_group":"18-24","gender":"Male","percentage_of_audience":8,"performance":{"impressions":17675,"clicks":171,"conversions":3,"ctr":0.97,"conversion_rate":1.75}},{"age_group":"25-34","gender":"Male","percentage_of_audience":12,"performance":{"impressions":26513,"clicks":257,"conversions":5,"ctr":0.97,"conversion_rate":1.95}},{"age_group":"35-44","gender":"Male","percentage_of_audience":5,"performance":{"impressions":11047,"clicks":107,"conversions":2,"ctr":0.97,"conversion_rate":1.87}}],"device_performance":[{"device":"Mobile","impressions":165707,"clicks":1604,"conversions":31,"spend":1252.64,"revenue":13099.5,"ctr":0.97,"conversion_rate":1.93,"percentage_of_traffic":75},{"device":"Desktop","impressions":44189,"clicks":428,"conversions":8,"spend":334.04,"revenue":3493.2,"ctr":0.97,"conversion_rate":1.87,"percentage_of_traffic":20},{"device":"Tablet","impressions":11047,"clicks":107,"conversions":2,"spend":83.51,"revenue":873.3,"ctr":0.97,"conversion_rate":1.87,"percentage_of_traffic":5}],"weekly_performance":[{"week_start":"2024-10-01","week_end":"2024-10-07","impressions":19848,"clicks":192,"conversions":4,"spend":150.04,"revenue":1569.04},{"week_start":"2024-10-08","week_end":"2024-10-14","impressions":23376,"clicks":226,"conversions":4,"spend":176.71,"revenue":1847.92},{"week_start":"2024-10-15","week_end":"2024-10-21","impressions":21550,"clicks":209,"conversions":4,"spend":162.91,"revenue":1703.61},{"week_start":"2024-10-22","week_end":"2024-10-28","impressions":25338,"clicks":245,"conversions":5,"spend":191.54,"revenue":2003.05},{"week_start":"2024-10-29","week_end":"2024-11-04","impressions":18354,"clicks":178,"conversions":3,"spend":138.75,"revenue":1450.93},{"week_start":"2024-11-05","week_end":"2024-11-11","impressions":17835,"clicks":173,"conversions":3,"spend":134.82,"revenue":1409.91},{"week_start":"2024-11-12","week_end":"2024-11-18","impressions":23103,"clicks":224,"conversions":4,"spend":174.64,"revenue":1826.32},{"week_start":"2024-11-19","week_end":"2024-11-25","impressions":19724,"clicks":191,"conversions":4,"spend":149.1,"revenue":1559.24},{"week_start":"2024-11-26","week_end":"2024-12-02","impressions":28726,"clicks":278,"conversions":5,"spend":217.15,"revenue":2270.87},{"week_start":"2024-12-03","week_end":"2024-12-09","impressions":28292,"clicks":274,"conversions":5,"spend":213.87,"revenue":2236.53},{"week_start":"2024-12-10","week_end":"2024-12-16","impressions":33743,"clicks":327,"conversions":6,"spend":255.07,"revenue":2667.43},{"week_start":"2024-12-17","week_end":"2024-12-23","impressions":28197,"clicks":273,"conversions":5,"spend":213.15,"revenue":2229.06}],"regional_performance":[{"region":"Abu Dhabi","country":"UAE","impressions":77330,"clicks":748,"conversions":14,"spend":584.57,"revenue":6113.1,"ctr":0.97,"conversion_rate":1.87,"cpc":0.78,"cpa":41.76,"roas":10.46},{"region":"Dubai","country":"UAE","impressions":66283,"clicks":641,"conversions":12,"spend":501.06,"revenue":5239.8,"ctr":0.97,"conversion_rate":1.87,"cpc":0.78,"cpa":41.76,"roas":10.46},{"region":"Sharjah","country":"UAE","impressions":33141,"clicks":321,"conversions":6,"spend":250.53,"revenue":2619.9,"ctr":0.97,"conversion_rate":1.87,"cpc":0.78,"cpa":41.76,"roas":10.46},{"region":"Riyadh","country":"Saudi Arabia","impressions":17675,"clicks":171,"conversions":3,"spend":133.61,"revenue":1397.28,"ctr":0.97,"conversion_rate":1.75,"cpc":0.78,"cpa":44.54,"roas":10.46},{"region":"Doha","country":"Qatar","impressions":13257,"clicks":128,"conversions":2,"spend":100.21,"revenue":1047.96,"ctr":0.97,"conversion_rate":1.56,"cpc":0.78,"cpa":50.11,"roas":10.46},{"region":"Kuwait City","country":"Kuwait","impressions":8838,"clicks":86,"conversions":2,"spend":66.81,"revenue":698.64,"ctr":0.97,"conversion_rate":2.33,"cpc":0.78,"cpa":33.41,"roas":10.46},{"region":"Manama","country":"Bahrain","impressions":4419,"clicks":43,"conversions":1,"spend":33.4,"revenue":349.32,"ctr":0.97,"conversion_rate":2.33,"cpc":0.78,"cpa":33.4,"roas":10.46}],"creatives":[{"id":2001,"name":"Image Creative 1","format":"Image","url":"/assets/campaigns/campaign_20_creative_1.jpg","performance_score":5.2,"is_primary":true,"impressions":199411,"clicks":2461,"ctr":1.23}],"timeline":{"start_date":"2024-11-10","created_date":"2024-11-03","last_updated":"2025-09-17"},"targeting":{"regions":["Abu Dhabi","Dubai","Sharjah","Riyadh","Doha"],"interests":["Wedding planning","Traditional fashion","Student celebrations","Cultural weddings","Islamic wedding customs","Family celebrations","Family celebration attire","Modest fashion","Student family wear","Traditional formal dresses","Wedding guest fashion"],"behaviors":["Wedding planning","Value shoppers","Student discount seekers","Fashion enthusiasts","Sale browsers","Student shoppers","Family celebration planners"],"custom_audiences":["Traditional wedding visitors","Student newsletter subscribers","Previous customers","Wedding planners lookalike","Sale browsers","Student fashion shoppers"]}},{"id":21,"name":"Plus Size Wedding Guest Abayas","status":"Active","objective":"Traffic","medium":"Facebook","format":"Video","product_category":"Mother of Bride/Groom","budget":6584.81,"spend":5144.63,"budget_utilization":78.13,"impressions":186431,"clicks":6897,"conversions":331,"revenue":109561,"average_order_value":331,"ctr":3.7,"conversion_rate":4.8,"cpc":0.75,"cpa":15.54,"roas":21.3,"target_demographics":{"age_groups":["45-54","55+"],"genders":["Female","Male"],"primary_device":"Mobile"},"demographic_breakdown":[{"age_group":"18-24","gender":"Female","percentage_of_audience":25,"performance":{"impressions":46608,"clicks":1724,"conversions":83,"ctr":3.7,"conversion_rate":4.81}},{"age_group":"25-34","gender":"Female","percentage_of_audience":30,"performance":{"impressions":55929,"clicks":2069,"conversions":99,"ctr":3.7,"conversion_rate":4.78}},{"age_group":"35-44","gender":"Female","percentage_of_audience":20,"performance":{"impressions":37286,"clicks":1379,"conversions":66,"ctr":3.7,"conversion_rate":4.79}},{"age_group":"18-24","gender":"Male","percentage_of_audience":8,"performance":{"impressions":14914,"clicks":552,"conversions":26,"ctr":3.7,"conversion_rate":4.71}},{"age_group":"25-34","gender":"Male","percentage_of_audience":12,"performance":{"impressions":22372,"clicks":828,"conversions":40,"ctr":3.7,"conversion_rate":4.83}},{"age_group":"35-44","gender":"Male","percentage_of_audience":5,"performance":{"impressions":9322,"clicks":345,"conversions":17,"ctr":3.7,"conversion_rate":4.93}}],"device_performance":[{"device":"Mobile","impressions":139823,"clicks":5173,"conversions":248,"spend":3858.47,"revenue":82170.75,"ctr":3.7,"conversion_rate":4.79,"percentage_of_traffic":75},{"device":"Desktop","impressions":37286,"clicks":1379,"conversions":66,"spend":1028.93,"revenue":21912.2,"ctr":3.7,"conversion_rate":4.79,"percentage_of_traffic":20},{"device":"Tablet","impressions":9322,"clicks":345,"conversions":17,"spend":257.23,"revenue":5478.05,"ctr":3.7,"conversion_rate":4.93,"percentage_of_traffic":5}],"weekly_performance":[{"week_start":"2024-10-01","week_end":"2024-10-07","impressions":16855,"clicks":624,"conversions":30,"spend":465.11,"revenue":9905.13},{"week_start":"2024-10-08","week_end":"2024-10-14","impressions":16091,"clicks":595,"conversions":29,"spend":444.03,"revenue":9456.11},{"week_start":"2024-10-15","week_end":"2024-10-21","impressions":16373,"clicks":606,"conversions":29,"spend":451.81,"revenue":9621.74},{"week_start":"2024-10-22","week_end":"2024-10-28","impressions":17494,"clicks":647,"conversions":31,"spend":482.75,"revenue":10280.68},{"week_start":"2024-10-29","week_end":"2024-11-04","impressions":15447,"clicks":571,"conversions":27,"spend":426.27,"revenue":9078.02},{"week_start":"2024-11-05","week_end":"2024-11-11","impressions":21242,"clicks":786,"conversions":38,"spend":586.19,"revenue":12483.52},{"week_start":"2024-11-12","week_end":"2024-11-18","impressions":17678,"clicks":654,"conversions":31,"spend":487.83,"revenue":10388.92},{"week_start":"2024-11-19","week_end":"2024-11-25","impressions":21943,"clicks":812,"conversions":39,"spend":605.52,"revenue":12895.23},{"week_start":"2024-11-26","week_end":"2024-12-02","impressions":27156,"clicks":1005,"conversions":48,"spend":749.39,"revenue":15959.14},{"week_start":"2024-12-03","week_end":"2024-12-09","impressions":28604,"clicks":1058,"conversions":51,"spend":789.33,"revenue":16809.65},{"week_start":"2024-12-10","week_end":"2024-12-16","impressions":25662,"clicks":949,"conversions":46,"spend":708.16,"revenue":15081.13},{"week_start":"2024-12-17","week_end":"2024-12-23","impressions":26176,"clicks":968,"conversions":46,"spend":722.33,"revenue":15382.89}],"regional_performance":[{"region":"Abu Dhabi","country":"UAE","impressions":65251,"clicks":2414,"conversions":116,"spend":1800.62,"revenue":38346.35,"ctr":3.7,"conversion_rate":4.81,"cpc":0.75,"cpa":15.52,"roas":21.3},{"region":"Dubai","country":"UAE","impressions":55929,"clicks":2069,"conversions":99,"spend":1543.39,"revenue":32868.3,"ctr":3.7,"conversion_rate":4.78,"cpc":0.75,"cpa":15.59,"roas":21.3},{"region":"Sharjah","country":"UAE","impressions":27965,"clicks":1035,"conversions":50,"spend":771.69,"revenue":16434.15,"ctr":3.7,"conversion_rate":4.83,"cpc":0.75,"cpa":15.43,"roas":21.3},{"region":"Riyadh","country":"Saudi Arabia","impressions":14914,"clicks":552,"conversions":26,"spend":411.57,"revenue":8764.88,"ctr":3.7,"conversion_rate":4.71,"cpc":0.75,"cpa":15.83,"roas":21.3},{"region":"Doha","country":"Qatar","impressions":11186,"clicks":414,"conversions":20,"spend":308.68,"revenue":6573.66,"ctr":3.7,"conversion_rate":4.83,"cpc":0.75,"cpa":15.43,"roas":21.3},{"region":"Kuwait City","country":"Kuwait","impressions":7457,"clicks":276,"conversions":13,"spend":205.79,"revenue":4382.44,"ctr":3.7,"conversion_rate":4.71,"cpc":0.75,"cpa":15.83,"roas":21.3},{"region":"Manama","country":"Bahrain","impressions":3729,"clicks":138,"conversions":7,"spend":102.89,"revenue":2191.22,"ctr":3.7,"conversion_rate":5.07,"cpc":0.75,"cpa":14.7,"roas":21.3}],"creatives":[{"id":2101,"name":"Video Creative 1","format":"Video","url":"/assets/campaigns/campaign_21_creative_1.jpg","performance_score":5.5,"is_primary":true,"impressions":70230,"clicks":1988,"ctr":2.83,"a_b_test_variant":"A"},{"id":2102,"name":"Video Creative 2","format":"Video","url":"/assets/campaigns/campaign_21_creative_2.jpg","performance_score":7.6,"is_primary":false,"impressions":68135,"clicks":2445,"ctr":3.59,"a_b_test_variant":"B"},{"id":2103,"name":"Video Creative 3","format":"Video","url":"/assets/campaigns/campaign_21_creative_3.jpg","performance_score":8.8,"is_primary":false,"impressions":63170,"clicks":2217,"ctr":3.51,"a_b_test_variant":"C"}],"timeline":{"start_date":"2024-10-30","created_date":"2024-10-23","last_updated":"2025-09-17"},"targeting":{"regions":["Abu Dhabi","Dubai","Sharjah","Riyadh","Doha"],"interests":["Wedding planning","Traditional fashion","Student celebrations","Cultural weddings","Islamic wedding customs","Family celebrations","Family celebration attire","Modest fashion","Student family wear","Traditional formal dresses","Wedding guest fashion"],"behaviors":["Wedding planning","Value shoppers","Student discount seekers","Fashion enthusiasts","Sale browsers","Student shoppers","Family celebration planners"],"custom_audiences":["Traditional wedding visitors","Student newsletter subscribers","Previous customers","Wedding planners lookalike","Sale browsers","Student fashion shoppers"]}},{"id":22,"name":"Little Princess Kaftan Collection","status":"Active","objective":"Conversions","medium":"Instagram","format":"Story","product_category":"Flower Girl Dresses","budget":8000.02,"spend":5919.79,"budget_utilization":74,"impressions":325466,"clicks":6330,"conversions":573,"revenue":131217,"average_order_value":229,"ctr":1.94,"conversion_rate":9.06,"cpc":0.94,"cpa":10.33,"roas":22.17,"target_demographics":{"age_groups":["18-24","25-34","35-44"],"genders":["Female"],"primary_device":"Mobile"},"demographic_breakdown":[{"age_group":"18-24","gender":"Female","percentage_of_audience":25,"performance":{"impressions":81366,"clicks":1583,"conversions":143,"ctr":1.95,"conversion_rate":9.03}},{"age_group":"25-34","gender":"Female","percentage_of_audience":30,"performance":{"impressions":97640,"clicks":1899,"conversions":172,"ctr":1.94,"conversion_rate":9.06}},{"age_group":"35-44","gender":"Female","percentage_of_audience":20,"performance":{"impressions":65093,"clicks":1266,"conversions":115,"ctr":1.94,"conversion_rate":9.08}},{"age_group":"18-24","gender":"Male","percentage_of_audience":8,"performance":{"impressions":26037,"clicks":506,"conversions":46,"ctr":1.94,"conversion_rate":9.09}},{"age_group":"25-34","gender":"Male","percentage_of_audience":12,"performance":{"impressions":39056,"clicks":760,"conversions":69,"ctr":1.95,"conversion_rate":9.08}},{"age_group":"35-44","gender":"Male","percentage_of_audience":5,"performance":{"impressions":16273,"clicks":317,"conversions":29,"ctr":1.95,"conversion_rate":9.15}}],"device_performance":[{"device":"Mobile","impressions":244099,"clicks":4748,"conversions":430,"spend":4439.84,"revenue":98412.75,"ctr":1.95,"conversion_rate":9.06,"percentage_of_traffic":75},{"device":"Desktop","impressions":65093,"clicks":1266,"conversions":115,"spend":1183.96,"revenue":26243.4,"ctr":1.94,"conversion_rate":9.08,"percentage_of_traffic":20},{"device":"Tablet","impressions":16273,"clicks":317,"conversions":29,"spend":295.99,"revenue":6560.85,"ctr":1.95,"conversion_rate":9.15,"percentage_of_traffic":5}],"weekly_performance":[{"week_start":"2024-10-01","week_end":"2024-10-07","impressions":38917,"clicks":757,"conversions":69,"spend":707.85,"revenue":15690.1},{"week_start":"2024-10-08","week_end":"2024-10-14","impressions":26481,"clicks":515,"conversions":47,"spend":481.66,"revenue":10676.36},{"week_start":"2024-10-15","week_end":"2024-10-21","impressions":33637,"clicks":654,"conversions":59,"spend":611.81,"revenue":13561.21},{"week_start":"2024-10-22","week_end":"2024-10-28","impressions":34698,"clicks":675,"conversions":61,"spend":631.12,"revenue":13989.27},{"week_start":"2024-10-29","week_end":"2024-11-04","impressions":36387,"clicks":708,"conversions":64,"spend":661.83,"revenue":14669.96},{"week_start":"2024-11-05","week_end":"2024-11-11","impressions":38445,"clicks":748,"conversions":68,"spend":699.27,"revenue":15499.83},{"week_start":"2024-11-12","week_end":"2024-11-18","impressions":38291,"clicks":745,"conversions":67,"spend":696.46,"revenue":15437.72},{"week_start":"2024-11-19","week_end":"2024-11-25","impressions":37092,"clicks":721,"conversions":65,"spend":674.66,"revenue":14954.42},{"week_start":"2024-11-26","week_end":"2024-12-02","impressions":38110,"clicks":741,"conversions":67,"spend":693.16,"revenue":15364.51},{"week_start":"2024-12-03","week_end":"2024-12-09","impressions":47310,"clicks":920,"conversions":83,"spend":860.5,"revenue":19073.76},{"week_start":"2024-12-10","week_end":"2024-12-16","impressions":50736,"clicks":987,"conversions":89,"spend":922.83,"revenue":20455.22},{"week_start":"2024-12-17","week_end":"2024-12-23","impressions":48956,"clicks":952,"conversions":86,"spend":890.45,"revenue":19737.58}],"regional_performance":[{"region":"Abu Dhabi","country":"UAE","impressions":113913,"clicks":2216,"conversions":201,"spend":2071.93,"revenue":45925.95,"ctr":1.95,"conversion_rate":9.07,"cpc":0.93,"cpa":10.31,"roas":22.17},{"region":"Dubai","country":"UAE","impressions":97640,"clicks":1899,"conversions":172,"spend":1775.94,"revenue":39365.1,"ctr":1.94,"conversion_rate":9.06,"cpc":0.94,"cpa":10.33,"roas":22.17},{"region":"Sharjah","country":"UAE","impressions":48820,"clicks":950,"conversions":86,"spend":887.97,"revenue":19682.55,"ctr":1.95,"conversion_rate":9.05,"cpc":0.93,"cpa":10.33,"roas":22.17},{"region":"Riyadh","country":"Saudi Arabia","impressions":26037,"clicks":506,"conversions":46,"spend":473.58,"revenue":10497.36,"ctr":1.94,"conversion_rate":9.09,"cpc":0.94,"cpa":10.3,"roas":22.17},{"region":"Doha","country":"Qatar","impressions":19528,"clicks":380,"conversions":34,"spend":355.19,"revenue":7873.02,"ctr":1.95,"conversion_rate":8.95,"cpc":0.93,"cpa":10.45,"roas":22.17},{"region":"Kuwait City","country":"Kuwait","impressions":13019,"clicks":253,"conversions":23,"spend":236.79,"revenue":5248.68,"ctr":1.94,"conversion_rate":9.09,"cpc":0.94,"cpa":10.3,"roas":22.17},{"region":"Manama","country":"Bahrain","impressions":6509,"clicks":127,"conversions":11,"spend":118.4,"revenue":2624.34,"ctr":1.95,"conversion_rate":8.66,"cpc":0.93,"cpa":10.76,"roas":22.17}],"creatives":[{"id":2201,"name":"Story Creative 1","format":"Story","url":"/assets/campaigns/campaign_22_creative_1.jpg","performance_score":7.6,"is_primary":true,"impressions":116962,"clicks":1764,"ctr":1.51,"a_b_test_variant":"A"},{"id":2202,"name":"Story Creative 2","format":"Story","url":"/assets/campaigns/campaign_22_creative_2.jpg","performance_score":6.1,"is_primary":false,"impressions":115000,"clicks":2409,"ctr":2.09,"a_b_test_variant":"B"},{"id":2203,"name":"Story Creative 3","format":"Story","url":"/assets/campaigns/campaign_22_creative_3.jpg","performance_score":6.7,"is_primary":false,"impressions":92912,"clicks":2391,"ctr":2.57,"a_b_test_variant":"C"}],"timeline":{"start_date":"2024-11-05","created_date":"2024-10-29","last_updated":"2025-09-17"},"targeting":{"regions":["Abu Dhabi","Dubai","Sharjah","Riyadh","Doha"],"interests":["Wedding planning","Traditional fashion","Student celebrations","Cultural weddings","Islamic wedding customs","Family celebrations","Children traditional wear","Cultural children fashion","Mini kaftan","Student kids clothing","Traditional celebrations"],"behaviors":["Wedding planning","Value shoppers","Student discount seekers","Fashion enthusiasts","Sale browsers","Student shoppers","Family celebration planners"],"custom_audiences":["Traditional wedding visitors","Student newsletter subscribers","Previous customers","Wedding planners lookalike","Sale browsers","Student fashion shoppers"]}},{"id":23,"name":"Little Gentleman Thobe Collection","status":"Active","objective":"Brand Awareness","medium":"Facebook","format":"Image","product_category":"Ring Bearer Suits","budget":1856.45,"spend":1493.65,"budget_utilization":80.46,"impressions":178236,"clicks":4334,"conversions":60,"revenue":20460,"average_order_value":341,"ctr":2.43,"conversion_rate":1.39,"cpc":0.34,"cpa":24.89,"roas":13.7,"target_demographics":{"age_groups":["18-24","25-34","35-44"],"genders":["Male"],"primary_device":"Mobile"},"demographic_breakdown":[{"age_group":"18-24","gender":"Female","percentage_of_audience":25,"performance":{"impressions":44559,"clicks":1084,"conversions":15,"ctr":2.43,"conversion_rate":1.38}},{"age_group":"25-34","gender":"Female","percentage_of_audience":30,"performance":{"impressions":53471,"clicks":1300,"conversions":18,"ctr":2.43,"conversion_rate":1.38}},{"age_group":"35-44","gender":"Female","percentage_of_audience":20,"performance":{"impressions":35647,"clicks":867,"conversions":12,"ctr":2.43,"conversion_rate":1.38}},{"age_group":"18-24","gender":"Male","percentage_of_audience":8,"performance":{"impressions":14259,"clicks":347,"conversions":5,"ctr":2.43,"conversion_rate":1.44}},{"age_group":"25-34","gender":"Male","percentage_of_audience":12,"performance":{"impressions":21388,"clicks":520,"conversions":7,"ctr":2.43,"conversion_rate":1.35}},{"age_group":"35-44","gender":"Male","percentage_of_audience":5,"performance":{"impressions":8912,"clicks":217,"conversions":3,"ctr":2.43,"conversion_rate":1.38}}],"device_performance":[{"device":"Mobile","impressions":133677,"clicks":3251,"conversions":45,"spend":1120.24,"revenue":15345,"ctr":2.43,"conversion_rate":1.38,"percentage_of_traffic":75},{"device":"Desktop","impressions":35647,"clicks":867,"conversions":12,"spend":298.73,"revenue":4092,"ctr":2.43,"conversion_rate":1.38,"percentage_of_traffic":20},{"device":"Tablet","impressions":8912,"clicks":217,"conversions":3,"spend":74.68,"revenue":1023,"ctr":2.43,"conversion_rate":1.38,"percentage_of_traffic":5}],"weekly_performance":[{"week_start":"2024-10-01","week_end":"2024-10-07","impressions":20988,"clicks":510,"conversions":7,"spend":175.88,"revenue":2409.2},{"week_start":"2024-10-08","week_end":"2024-10-14","impressions":17816,"clicks":433,"conversions":6,"spend":149.3,"revenue":2045.09},{"week_start":"2024-10-15","week_end":"2024-10-21","impressions":19633,"clicks":477,"conversions":7,"spend":164.53,"revenue":2253.67},{"week_start":"2024-10-22","week_end":"2024-10-28","impressions":17257,"clicks":420,"conversions":6,"spend":144.61,"revenue":1980.91},{"week_start":"2024-10-29","week_end":"2024-11-04","impressions":20786,"clicks":505,"conversions":7,"spend":174.19,"revenue":2386.06},{"week_start":"2024-11-05","week_end":"2024-11-11","impressions":21304,"clicks":518,"conversions":7,"spend":178.53,"revenue":2445.51},{"week_start":"2024-11-12","week_end":"2024-11-18","impressions":17295,"clicks":421,"conversions":6,"spend":144.93,"revenue":1985.31},{"week_start":"2024-11-19","week_end":"2024-11-25","impressions":20733,"clicks":504,"conversions":7,"spend":173.75,"revenue":2380.03},{"week_start":"2024-11-26","week_end":"2024-12-02","impressions":22571,"clicks":549,"conversions":8,"spend":189.15,"revenue":2590.94},{"week_start":"2024-12-03","week_end":"2024-12-09","impressions":20432,"clicks":497,"conversions":7,"spend":171.22,"revenue":2345.42},{"week_start":"2024-12-10","week_end":"2024-12-16","impressions":30899,"clicks":751,"conversions":10,"spend":258.94,"revenue":3546.97},{"week_start":"2024-12-17","week_end":"2024-12-23","impressions":31069,"clicks":755,"conversions":10,"spend":260.36,"revenue":3566.42}],"regional_performance":[{"region":"Abu Dhabi","country":"UAE","impressions":62383,"clicks":1517,"conversions":21,"spend":522.78,"revenue":7161,"ctr":2.43,"conversion_rate":1.38,"cpc":0.34,"cpa":24.89,"roas":13.7},{"region":"Dubai","country":"UAE","impressions":53471,"clicks":1300,"conversions":18,"spend":448.09,"revenue":6138,"ctr":2.43,"conversion_rate":1.38,"cpc":0.34,"cpa":24.89,"roas":13.7},{"region":"Sharjah","country":"UAE","impressions":26735,"clicks":650,"conversions":9,"spend":224.05,"revenue":3069,"ctr":2.43,"conversion_rate":1.38,"cpc":0.34,"cpa":24.89,"roas":13.7},{"region":"Riyadh","country":"Saudi Arabia","impressions":14259,"clicks":347,"conversions":5,"spend":119.49,"revenue":1636.8,"ctr":2.43,"conversion_rate":1.44,"cpc":0.34,"cpa":23.9,"roas":13.7},{"region":"Doha","country":"Qatar","impressions":10694,"clicks":260,"conversions":4,"spend":89.62,"revenue":1227.6,"ctr":2.43,"conversion_rate":1.54,"cpc":0.34,"cpa":22.41,"roas":13.7},{"region":"Kuwait City","country":"Kuwait","impressions":7129,"clicks":173,"conversions":2,"spend":59.75,"revenue":818.4,"ctr":2.43,"conversion_rate":1.16,"cpc":0.35,"cpa":29.88,"roas":13.7},{"region":"Manama","country":"Bahrain","impressions":3565,"clicks":87,"conversions":1,"spend":29.87,"revenue":409.2,"ctr":2.44,"conversion_rate":1.15,"cpc":0.34,"cpa":29.87,"roas":13.7}],"creatives":[{"id":2301,"name":"Image Creative 1","format":"Image","url":"/assets/campaigns/campaign_23_creative_1.jpg","performance_score":9.5,"is_primary":true,"impressions":68934,"clicks":1645,"ctr":2.39,"a_b_test_variant":"A"},{"id":2302,"name":"Image Creative 2","format":"Image","url":"/assets/campaigns/campaign_23_creative_2.jpg","performance_score":6.6,"is_primary":false,"impressions":53153,"clicks":1571,"ctr":2.96,"a_b_test_variant":"B"},{"id":2303,"name":"Image Creative 3","format":"Image","url":"/assets/campaigns/campaign_23_creative_3.jpg","performance_score":9.7,"is_primary":false,"impressions":61266,"clicks":1403,"ctr":2.29,"a_b_test_variant":"C"}],"timeline":{"start_date":"2024-10-23","created_date":"2024-10-16","last_updated":"2025-09-17"},"targeting":{"regions":["Abu Dhabi","Dubai","Sharjah","Riyadh","Doha"],"interests":["Wedding planning","Traditional fashion","Student celebrations","Cultural weddings","Islamic wedding customs","Family celebrations","Boys traditional wear","Children cultural menswear","Student kids formal wear","Mini dishdasha","Cultural children clothing"],"behaviors":["Wedding planning","Value shoppers","Student discount seekers","Fashion enthusiasts","Sale browsers","Student shoppers","Family celebration planners"],"custom_audiences":["Traditional wedding visitors","Student newsletter subscribers","Previous customers","Wedding planners lookalike","Sale browsers","Student fashion shoppers"]}},{"id":24,"name":"Special Student Discount - 40% Off","status":"Active","objective":"Retargeting","medium":"Facebook","format":"Image","product_category":"All Categories","budget":1220.71,"spend":1043.2,"budget_utilization":85.46,"impressions":298740,"clicks":11803,"conversions":1213,"revenue":469431,"average_order_value":387,"ctr":3.95,"conversion_rate":10.27,"cpc":0.09,"cpa":0.86,"roas":449.99,"target_demographics":{"age_groups":["18-24","25-34","35-44"],"genders":["Female","Male"],"primary_device":"Mobile"},"demographic_breakdown":[{"age_group":"18-24","gender":"Female","percentage_of_audience":25,"performance":{"impressions":74685,"clicks":2951,"conversions":303,"ctr":3.95,"conversion_rate":10.27}},{"age_group":"25-34","gender":"Female","percentage_of_audience":30,"performance":{"impressions":89622,"clicks":3541,"conversions":364,"ctr":3.95,"conversion_rate":10.28}},{"age_group":"35-44","gender":"Female","percentage_of_audience":20,"performance":{"impressions":59748,"clicks":2361,"conversions":243,"ctr":3.95,"conversion_rate":10.29}},{"age_group":"18-24","gender":"Male","percentage_of_audience":8,"performance":{"impressions":23899,"clicks":944,"conversions":97,"ctr":3.95,"conversion_rate":10.28}},{"age_group":"25-34","gender":"Male","percentage_of_audience":12,"performance":{"impressions":35849,"clicks":1416,"conversions":146,"ctr":3.95,"conversion_rate":10.31}},{"age_group":"35-44","gender":"Male","percentage_of_audience":5,"performance":{"impressions":14937,"clicks":590,"conversions":61,"ctr":3.95,"conversion_rate":10.34}}],"device_performance":[{"device":"Mobile","impressions":224055,"clicks":8852,"conversions":910,"spend":782.4,"revenue":352073.25,"ctr":3.95,"conversion_rate":10.28,"percentage_of_traffic":75},{"device":"Desktop","impressions":59748,"clicks":2361,"conversions":243,"spend":208.64,"revenue":93886.2,"ctr":3.95,"conversion_rate":10.29,"percentage_of_traffic":20},{"device":"Tablet","impressions":14937,"clicks":590,"conversions":61,"spend":52.16,"revenue":23471.55,"ctr":3.95,"conversion_rate":10.34,"percentage_of_traffic":5}],"weekly_performance":[{"week_start":"2024-10-01","week_end":"2024-10-07","impressions":26837,"clicks":1060,"conversions":109,"spend":93.71,"revenue":42170.32},{"week_start":"2024-10-08","week_end":"2024-10-14","impressions":33149,"clicks":1310,"conversions":135,"spend":115.76,"revenue":52089.54},{"week_start":"2024-10-15","week_end":"2024-10-21","impressions":28702,"clicks":1134,"conversions":117,"spend":100.23,"revenue":45101.21},{"week_start":"2024-10-22","week_end":"2024-10-28","impressions":28408,"clicks":1122,"conversions":115,"spend":99.2,"revenue":44640.13},{"week_start":"2024-10-29","week_end":"2024-11-04","impressions":27724,"clicks":1095,"conversions":113,"spend":96.81,"revenue":43564.86},{"week_start":"2024-11-05","week_end":"2024-11-11","impressions":27510,"clicks":1087,"conversions":112,"spend":96.07,"revenue":43228.88},{"week_start":"2024-11-12","week_end":"2024-11-18","impressions":28446,"clicks":1124,"conversions":115,"spend":99.33,"revenue":44698.49},{"week_start":"2024-11-19","week_end":"2024-11-25","impressions":32101,"clicks":1268,"conversions":130,"spend":112.1,"revenue":50442.98},{"week_start":"2024-11-26","week_end":"2024-12-02","impressions":34132,"clicks":1349,"conversions":139,"spend":119.19,"revenue":53633.66},{"week_start":"2024-12-03","week_end":"2024-12-09","impressions":41897,"clicks":1655,"conversions":170,"spend":146.3,"revenue":65835.07},{"week_start":"2024-12-10","week_end":"2024-12-16","impressions":41662,"clicks":1646,"conversions":169,"spend":145.48,"revenue":65465.79},{"week_start":"2024-12-17","week_end":"2024-12-23","impressions":50650,"clicks":2001,"conversions":206,"spend":176.87,"revenue":79589.92}],"regional_performance":[{"region":"Abu Dhabi","country":"UAE","impressions":104559,"clicks":4131,"conversions":425,"spend":365.12,"revenue":164300.85,"ctr":3.95,"conversion_rate":10.29,"cpc":0.09,"cpa":0.86,"roas":449.99},{"region":"Dubai","country":"UAE","impressions":89622,"clicks":3541,"conversions":364,"spend":312.96,"revenue":140829.3,"ctr":3.95,"conversion_rate":10.28,"cpc":0.09,"cpa":0.86,"roas":449.99},{"region":"Sharjah","country":"UAE","impressions":44811,"clicks":1770,"conversions":182,"spend":156.48,"revenue":70414.65,"ctr":3.95,"conversion_rate":10.28,"cpc":0.09,"cpa":0.86,"roas":449.99},{"region":"Riyadh","country":"Saudi Arabia","impressions":23899,"clicks":944,"conversions":97,"spend":83.46,"revenue":37554.48,"ctr":3.95,"conversion_rate":10.28,"cpc":0.09,"cpa":0.86,"roas":449.97},{"region":"Doha","country":"Qatar","impressions":17924,"clicks":708,"conversions":73,"spend":62.59,"revenue":28165.86,"ctr":3.95,"conversion_rate":10.31,"cpc":0.09,"cpa":0.86,"roas":450.01},{"region":"Kuwait City","country":"Kuwait","impressions":11950,"clicks":472,"conversions":49,"spend":41.73,"revenue":18777.24,"ctr":3.95,"conversion_rate":10.38,"cpc":0.09,"cpa":0.85,"roas":449.97},{"region":"Manama","country":"Bahrain","impressions":5975,"clicks":236,"conversions":24,"spend":20.86,"revenue":9388.62,"ctr":3.95,"conversion_rate":10.17,"cpc":0.09,"cpa":0.87,"roas":450.08}],"creatives":[{"id":2401,"name":"Image Creative 1","format":"Image","url":"/assets/campaigns/campaign_24_creative_1.jpg","performance_score":6,"is_primary":true,"impressions":156409,"clicks":6024,"ctr":3.85,"a_b_test_variant":"A"},{"id":2402,"name":"Image Creative 2","format":"Image","url":"/assets/campaigns/campaign_24_creative_2.jpg","performance_score":7.5,"is_primary":false,"impressions":142175,"clicks":4844,"ctr":3.41,"a_b_test_variant":"B"}],"timeline":{"start_date":"2024-10-07","created_date":"2024-09-30","last_updated":"2025-09-17"},"targeting":{"regions":["Abu Dhabi","Dubai","Sharjah","Riyadh","Doha"],"interests":["Wedding planning","Traditional fashion","Student celebrations","Cultural weddings","Islamic wedding customs","Family celebrations","Middle Eastern weddings","Arabic fashion","Student traditional clothing","Cultural celebrations","Islamic fashion"],"behaviors":["Wedding planning","Value shoppers","Student discount seekers","Fashion enthusiasts","Sale browsers","Student shoppers","Family celebration planners"],"custom_audiences":["Traditional wedding visitors","Student newsletter subscribers","Previous customers","Wedding planners lookalike","Sale browsers","Student fashion shoppers"]}},{"id":25,"name":"Previous Customers - New Arrivals","status":"Active","objective":"Retargeting","medium":"Instagram","format":"Story","product_category":"All Categories","budget":3509.06,"spend":2686.38,"budget_utilization":76.56,"impressions":255336,"clicks":9706,"conversions":1127,"revenue":497007,"average_order_value":441,"ctr":3.8,"conversion_rate":11.61,"cpc":0.28,"cpa":2.38,"roas":185.01,"target_demographics":{"age_groups":["18-24","25-34","35-44"],"genders":["Female","Male"],"primary_device":"Mobile"},"demographic_breakdown":[{"age_group":"18-24","gender":"Female","percentage_of_audience":25,"performance":{"impressions":63834,"clicks":2427,"conversions":282,"ctr":3.8,"conversion_rate":11.62}},{"age_group":"25-34","gender":"Female","percentage_of_audience":30,"performance":{"impressions":76601,"clicks":2912,"conversions":338,"ctr":3.8,"conversion_rate":11.61}},{"age_group":"35-44","gender":"Female","percentage_of_audience":20,"performance":{"impressions":51067,"clicks":1941,"conversions":225,"ctr":3.8,"conversion_rate":11.59}},{"age_group":"18-24","gender":"Male","percentage_of_audience":8,"performance":{"impressions":20427,"clicks":776,"conversions":90,"ctr":3.8,"conversion_rate":11.6}},{"age_group":"25-34","gender":"Male","percentage_of_audience":12,"performance":{"impressions":30640,"clicks":1165,"conversions":135,"ctr":3.8,"conversion_rate":11.59}},{"age_group":"35-44","gender":"Male","percentage_of_audience":5,"performance":{"impressions":12767,"clicks":485,"conversions":56,"ctr":3.8,"conversion_rate":11.55}}],"device_performance":[{"device":"Mobile","impressions":191502,"clicks":7280,"conversions":845,"spend":2014.78,"revenue":372755.25,"ctr":3.8,"conversion_rate":11.61,"percentage_of_traffic":75},{"device":"Desktop","impressions":51067,"clicks":1941,"conversions":225,"spend":537.28,"revenue":99401.4,"ctr":3.8,"conversion_rate":11.59,"percentage_of_traffic":20},{"device":"Tablet","impressions":12767,"clicks":485,"conversions":56,"spend":134.32,"revenue":24850.35,"ctr":3.8,"conversion_rate":11.55,"percentage_of_traffic":5}],"weekly_performance":[{"week_start":"2024-10-01","week_end":"2024-10-07","impressions":22570,"clicks":858,"conversions":100,"spend":237.46,"revenue":43932.6},{"week_start":"2024-10-08","week_end":"2024-10-14","impressions":27207,"clicks":1034,"conversions":120,"spend":286.24,"revenue":52957.79},{"week_start":"2024-10-15","week_end":"2024-10-21","impressions":22264,"clicks":846,"conversions":98,"spend":234.24,"revenue":43336.21},{"week_start":"2024-10-22","week_end":"2024-10-28","impressions":29041,"clicks":1104,"conversions":128,"spend":305.54,"revenue":56528.22},{"week_start":"2024-10-29","week_end":"2024-11-04","impressions":29381,"clicks":1117,"conversions":130,"spend":309.11,"revenue":57189.27},{"week_start":"2024-11-05","week_end":"2024-11-11","impressions":20477,"clicks":778,"conversions":90,"spend":215.44,"revenue":39858.48},{"week_start":"2024-11-12","week_end":"2024-11-18","impressions":24827,"clicks":944,"conversions":110,"spend":261.2,"revenue":48324.45},{"week_start":"2024-11-19","week_end":"2024-11-25","impressions":27086,"clicks":1030,"conversions":120,"spend":284.97,"revenue":52722.49},{"week_start":"2024-11-26","week_end":"2024-12-02","impressions":28809,"clicks":1095,"conversions":127,"spend":303.1,"revenue":56076.63},{"week_start":"2024-12-03","week_end":"2024-12-09","impressions":29419,"clicks":1118,"conversions":130,"spend":309.52,"revenue":57264.12},{"week_start":"2024-12-10","week_end":"2024-12-16","impressions":42483,"clicks":1615,"conversions":188,"spend":446.97,"revenue":82693.09},{"week_start":"2024-12-17","week_end":"2024-12-23","impressions":39451,"clicks":1500,"conversions":174,"spend":415.07,"revenue":76791.59}],"regional_performance":[{"region":"Abu Dhabi","country":"UAE","impressions":89368,"clicks":3397,"conversions":394,"spend":940.23,"revenue":173952.45,"ctr":3.8,"conversion_rate":11.6,"cpc":0.28,"cpa":2.39,"roas":185.01},{"region":"Dubai","country":"UAE","impressions":76601,"clicks":2912,"conversions":338,"spend":805.91,"revenue":149102.1,"ctr":3.8,"conversion_rate":11.61,"cpc":0.28,"cpa":2.38,"roas":185.01},{"region":"Sharjah","country":"UAE","impressions":38300,"clicks":1456,"conversions":169,"spend":402.96,"revenue":74551.05,"ctr":3.8,"conversion_rate":11.61,"cpc":0.28,"cpa":2.38,"roas":185.01},{"region":"Riyadh","country":"Saudi Arabia","impressions":20427,"clicks":776,"conversions":90,"spend":214.91,"revenue":39760.56,"ctr":3.8,"conversion_rate":11.6,"cpc":0.28,"cpa":2.39,"roas":185.01},{"region":"Doha","country":"Qatar","impressions":15320,"clicks":582,"conversions":68,"spend":161.18,"revenue":29820.42,"ctr":3.8,"conversion_rate":11.68,"cpc":0.28,"cpa":2.37,"roas":185.01},{"region":"Kuwait City","country":"Kuwait","impressions":10213,"clicks":388,"conversions":45,"spend":107.46,"revenue":19880.28,"ctr":3.8,"conversion_rate":11.6,"cpc":0.28,"cpa":2.39,"roas":185},{"region":"Manama","country":"Bahrain","impressions":5107,"clicks":194,"conversions":23,"spend":53.73,"revenue":9940.14,"ctr":3.8,"conversion_rate":11.86,"cpc":0.28,"cpa":2.34,"roas":185}],"creatives":[{"id":2501,"name":"Story Creative 1","format":"Story","url":"/assets/campaigns/campaign_25_creative_1.jpg","performance_score":8.3,"is_primary":true,"impressions":292325,"clicks":8250,"ctr":2.82}],"timeline":{"start_date":"2024-11-26","created_date":"2024-11-19","last_updated":"2025-09-17"},"targeting":{"regions":["Abu Dhabi","Dubai","Sharjah","Riyadh","Doha"],"interests":["Wedding planning","Traditional fashion","Student celebrations","Cultural weddings","Islamic wedding customs","Family celebrations","Middle Eastern weddings","Arabic fashion","Student traditional clothing","Cultural celebrations","Islamic fashion"],"behaviors":["Wedding planning","Value shoppers","Student discount seekers","Fashion enthusiasts","Sale browsers","Student shoppers","Family celebration planners"],"custom_audiences":["Traditional wedding visitors","Student newsletter subscribers","Previous customers","Wedding planners lookalike","Sale browsers","Student fashion shoppers"]}},{"id":26,"name":"Wedding Season Sale - 50% Off","status":"Active","objective":"Retargeting","medium":"Google Ads","format":"Image","product_category":"All Categories","budget":4042.73,"spend":3280.73,"budget_utilization":81.15,"impressions":80806,"clicks":3815,"conversions":401,"revenue":68571,"average_order_value":171,"ctr":4.72,"conversion_rate":10.51,"cpc":0.86,"cpa":8.18,"roas":20.9,"target_demographics":{"age_groups":["18-24","25-34","35-44"],"genders":["Female","Male"],"primary_device":"Mobile"},"demographic_breakdown":[{"age_group":"18-24","gender":"Female","percentage_of_audience":25,"performance":{"impressions":20201,"clicks":954,"conversions":100,"ctr":4.72,"conversion_rate":10.48}},{"age_group":"25-34","gender":"Female","percentage_of_audience":30,"performance":{"impressions":24242,"clicks":1145,"conversions":120,"ctr":4.72,"conversion_rate":10.48}},{"age_group":"35-44","gender":"Female","percentage_of_audience":20,"performance":{"impressions":16161,"clicks":763,"conversions":80,"ctr":4.72,"conversion_rate":10.48}},{"age_group":"18-24","gender":"Male","percentage_of_audience":8,"performance":{"impressions":6464,"clicks":305,"conversions":32,"ctr":4.72,"conversion_rate":10.49}},{"age_group":"25-34","gender":"Male","percentage_of_audience":12,"performance":{"impressions":9697,"clicks":458,"conversions":48,"ctr":4.72,"conversion_rate":10.48}},{"age_group":"35-44","gender":"Male","percentage_of_audience":5,"performance":{"impressions":4040,"clicks":191,"conversions":20,"ctr":4.73,"conversion_rate":10.47}}],"device_performance":[{"device":"Mobile","impressions":60604,"clicks":2861,"conversions":301,"spend":2460.54,"revenue":51428.25,"ctr":4.72,"conversion_rate":10.52,"percentage_of_traffic":75},{"device":"Desktop","impressions":16161,"clicks":763,"conversions":80,"spend":656.15,"revenue":13714.2,"ctr":4.72,"conversion_rate":10.48,"percentage_of_traffic":20},{"device":"Tablet","impressions":4040,"clicks":191,"conversions":20,"spend":164.04,"revenue":3428.55,"ctr":4.73,"conversion_rate":10.47,"percentage_of_traffic":5}],"weekly_performance":[{"week_start":"2024-10-01","week_end":"2024-10-07","impressions":7102,"clicks":335,"conversions":35,"spend":288.34,"revenue":6026.67},{"week_start":"2024-10-08","week_end":"2024-10-14","impressions":7983,"clicks":377,"conversions":40,"spend":324.12,"revenue":6774.43},{"week_start":"2024-10-15","week_end":"2024-10-21","impressions":8906,"clicks":420,"conversions":44,"spend":361.6,"revenue":7557.92},{"week_start":"2024-10-22","week_end":"2024-10-28","impressions":7056,"clicks":333,"conversions":35,"spend":286.49,"revenue":5987.98},{"week_start":"2024-10-29","week_end":"2024-11-04","impressions":6792,"clicks":321,"conversions":34,"spend":275.76,"revenue":5763.74},{"week_start":"2024-11-05","week_end":"2024-11-11","impressions":8819,"clicks":416,"conversions":44,"spend":358.06,"revenue":7483.89},{"week_start":"2024-11-12","week_end":"2024-11-18","impressions":7506,"clicks":354,"conversions":37,"spend":304.73,"revenue":6369.14},{"week_start":"2024-11-19","week_end":"2024-11-25","impressions":8620,"clicks":407,"conversions":43,"spend":349.96,"revenue":7314.66},{"week_start":"2024-11-26","week_end":"2024-12-02","impressions":11265,"clicks":532,"conversions":56,"spend":457.37,"revenue":9559.62},{"week_start":"2024-12-03","week_end":"2024-12-09","impressions":12422,"clicks":586,"conversions":62,"spend":504.32,"revenue":10540.81},{"week_start":"2024-12-10","week_end":"2024-12-16","impressions":11642,"clicks":550,"conversions":58,"spend":472.67,"revenue":9879.29},{"week_start":"2024-12-17","week_end":"2024-12-23","impressions":14544,"clicks":687,"conversions":72,"spend":590.5,"revenue":12342.05}],"regional_performance":[{"region":"Abu Dhabi","country":"UAE","impressions":28282,"clicks":1335,"conversions":140,"spend":1148.25,"revenue":23999.85,"ctr":4.72,"conversion_rate":10.49,"cpc":0.86,"cpa":8.2,"roas":20.9},{"region":"Dubai","country":"UAE","impressions":24242,"clicks":1145,"conversions":120,"spend":984.22,"revenue":20571.3,"ctr":4.72,"conversion_rate":10.48,"cpc":0.86,"cpa":8.2,"roas":20.9},{"region":"Sharjah","country":"UAE","impressions":12121,"clicks":572,"conversions":60,"spend":492.11,"revenue":10285.65,"ctr":4.72,"conversion_rate":10.49,"cpc":0.86,"cpa":8.2,"roas":20.9},{"region":"Riyadh","country":"Saudi Arabia","impressions":6464,"clicks":305,"conversions":32,"spend":262.46,"revenue":5485.68,"ctr":4.72,"conversion_rate":10.49,"cpc":0.86,"cpa":8.2,"roas":20.9},{"region":"Doha","country":"Qatar","impressions":4848,"clicks":229,"conversions":24,"spend":196.84,"revenue":4114.26,"ctr":4.72,"conversion_rate":10.48,"cpc":0.86,"cpa":8.2,"roas":20.9},{"region":"Kuwait City","country":"Kuwait","impressions":3232,"clicks":153,"conversions":16,"spend":131.23,"revenue":2742.84,"ctr":4.73,"conversion_rate":10.46,"cpc":0.86,"cpa":8.2,"roas":20.9},{"region":"Manama","country":"Bahrain","impressions":1616,"clicks":76,"conversions":8,"spend":65.61,"revenue":1371.42,"ctr":4.7,"conversion_rate":10.53,"cpc":0.86,"cpa":8.2,"roas":20.9}],"creatives":[{"id":2601,"name":"Image Creative 1","format":"Image","url":"/assets/campaigns/campaign_26_creative_1.jpg","performance_score":7,"is_primary":true,"impressions":35118,"clicks":1931,"ctr":5.5,"a_b_test_variant":"A"},{"id":2602,"name":"Image Creative 2","format":"Image","url":"/assets/campaigns/campaign_26_creative_2.jpg","performance_score":8,"is_primary":false,"impressions":33671,"clicks":1817,"ctr":5.4,"a_b_test_variant":"B"}],"timeline":{"start_date":"2024-11-28","created_date":"2024-11-21","last_updated":"2025-09-17"},"targeting":{"regions":["Abu Dhabi","Dubai","Sharjah","Riyadh","Doha"],"interests":["Wedding planning","Traditional fashion","Student celebrations","Cultural weddings","Islamic wedding customs","Family celebrations","Middle Eastern weddings","Arabic fashion","Student traditional clothing","Cultural celebrations","Islamic fashion"],"behaviors":["Wedding planning","Value shoppers","Student discount seekers","Fashion enthusiasts","Sale browsers","Student shoppers","Family celebration planners"],"custom_audiences":["Traditional wedding visitors","Student newsletter subscribers","Previous customers","Wedding planners lookalike","Sale browsers","Student fashion shoppers"]}}],"market_insights":{"last_updated":"2025-09-17T07:02:10.742Z","peak_performance_day":"Friday","peak_performance_time":"20:00-23:00 GST","top_converting_product":"Wedding Dresses","fastest_growing_region":"Sharjah"},"filters":{"available_statuses":["Active","Paused","Completed","Draft"],"available_objectives":["Brand Awareness","Traffic","Conversions","Retargeting","Engagement"],"available_mediums":["Facebook","Instagram","Google Ads","TikTok","Snapchat","Twitter","LinkedIn"],"available_formats":["Image","Video","Carousel","Story","Collection","Reels"],"available_product_categories":["Wedding Dresses","Bridesmaid Dresses","Groom Suits","Groomsmen Attire","Accessories","Mother of Bride/Groom","Flower Girl Dresses","Ring Bearer Suits","All Categories"],"available_regions":["Abu Dhabi","Dubai","Sharjah","Riyadh","Doha","Kuwait City","Manama"],"applied":{}}}